2117 3478
891 725 1124 817 Caput
1174 724 1234 796 Ι.

692 885 802 931 De
876 878 1435 930 Latinismis.

340 990 634 1045 Latinismil)
693 994 746 1031 ut
796 991 1036 1031 occurrant
1090 985 1343 1029 Herodiani
1394 986 1537 1028 libros
1589 985 1937 1031 studiosissime

171 1048 478 1114 degentibus,
541 1074 591 1101 eo
624 1059 771 1100 minus
802 1057 964 1099 mirum
1005 1060 1088 1110 est,
1122 1055 1241 1114 quod
1279 1055 1331 1108 is,
1385 1054 1554 1113 quippe
1596 1056 1676 1113 qui
1710 1056 1930 1099 maiorem

202 1143 391 1185 eamque
440 1128 738 1185 posteriorem
787 1127 910 1169 vitae
961 1129 1137 1183 partem
1192 1125 1366 1167 Romae
1418 1126 1659 1181 egisset2),
1728 1125 1937 1169 Latinae-

200 1196 390 1251 linguae
445 1196 560 1238 satis
600 1210 771 1252 gnarus
788 1197 822 1249 3)
863 1195 955 1236 fuit
1013 1194 1242 1251 quodque,
1292 1193 1382 1234 etsi
1427 1193 1469 1235 ei
1514 1194 1624 1236 libri
1665 1194 1831 1243 Latini
1881 1195 1930 1237 in

201 1264 423 1308 historiae
464 1265 681 1323 opusculo
714 1264 1031 1307 conscribendo
1072 1263 1130 1305 ad
1169 1279 1352 1305 manum
1393 1279 1483 1306 non
1524 1265 1715 1318 fuerint,
1767 1265 1931 1308 multis

199 1340 355 1377 tamen
374 1335 682 1377 Romanorum
714 1334 1012 1390 scriptoribus
1045 1333 1184 1374 semel
1215 1333 1474 1390 iterumque
1506 1334 1716 1389 legendis
1742 1349 1930 1377 necesse

201 1407 272 1448 est
303 1403 344 1447 ei
376 1417 516 1460 opera
548 1402 760 1445 navanda
792 1401 935 1445 fuerit
966 1401 1173 1444 maxima.

345 1484 650 1537 Quamobrem
681 1483 833 1540 placet
864 1484 946 1526 hoc
977 1484 1088 1535 loco,
1139 1498 1251 1540 quas
1283 1483 1539 1526 locutiones
1582 1500 1604 1527 e
1636 1485 1807 1527 Latino
1839 1500 1929 1527 usu

199 1554 247 1597 in
279 1553 506 1597 Graecum
537 1552 760 1596 transisse
777 1553 811 1606 4)
857 1567 937 1609 pro
979 1555 1102 1594 certo
1144 1552 1299 1605 habeo,
1333 1552 1520 1605 afferre,
1563 1553 1631 1596 ita
1662 1557 1831 1607 tamen,
1874 1558 1937 1597 ut.

200 1623 479 1667 disseramus
512 1622 566 1665 de
597 1621 879 1673 Latinismis‚
913 1622 990 1679 qui
1020 1620 1255 1678 pertinent

407 1702 465 1746 A.
499 1702 556 1745 ad
587 1716 682 1745 rem
713 1702 943 1759 publicam
974 1717 1157 1760 remque
1188 1702 1435 1745 militarem

406 1784 458 1827 B.
492 1783 550 1826 ad
582 1783 738 1826 varias
770 1784 895 1826 vitae
927 1786 1150 1826 humanae
1182 1800 1267 1827 res.

338 1947 364 1988 1)
398 1941 639 1991 Πραιτωριανός
664 1947 740 1987 V4,
765 1947 803 1985 83
832 1948 922 1978 VIII
948 1949 978 1984 8,
1007 1952 1036 1980 5.
1066 1950 1097 1986 7,
1125 1949 1215 1990 quod
1241 1949 1341 1980 deest
1367 1950 1403 1980 in
1428 1950 1566 1990 lexicis,
1593 1960 1662 1982 non
1688 1951 1755 1982 huc
1771 1952 1927 1983 referen-

197 2004 289 2044 dum,
318 2004 382 2037 sed
408 2004 618 2037 vocabulum
644 2005 871 2045 peregrinum
899 2007 1191 2046 „praetorianus“
1220 2010 1273 2038 est
1299 2008 1589 2046 intellegendum.

337 2062 367 2103 2)
396 2060 446 2094 Cf.
475 2058 650 2094 Poblocki
674 2070 705 2103 p.
734 2061 776 2094 19
803 2071 849 2102 S.;
876 2062 919 2095 29
946 2072 992 2095 ss.

337 2121 368 2159 3)
396 2119 477 2152 Vid.
503 2120 612 2151 etiam
637 2118 786 2152 Nicolaz'
808 2122 834 2154 t.
861 2120 899 2151 II
923 2130 945 2162 p
984 2121 1063 2153 577.

339 2176 369 2219 4)
394 2175 570 2210 Pobloeka'
592 2188 626 2218 p.
642 2177 721 2209 30a
745 2188 829 2209 vero
855 2177 1026 2210 deductus
1054 2182 1117 2218 est,
1147 2189 1233 2217 cum,
1260 2184 1299 2212 ut
1313 2182 1551 2214 Romanorum
1576 2181 1743 2215 lectionis
1768 2184 1927 2225 vestigia

197 2236 234 2267 in
261 2235 430 2277 opusculo
445 2235 670 2267 Herodianeo
697 2235 915 2277 deprehendi
939 2237 1108 2275 illustret,
1134 2241 1310 2279 proponat
1334 2239 1542 2279 locutiones,
1570 2250 1657 2281 quas
1683 2241 1759 2273 sine
1784 2243 1926 2274 ratione

197 2303 238 2326 ac
264 2291 397 2325 iudicio
424 2292 553 2325 allatas
586 2304 665 2326 esse
691 2293 789 2325 illico
815 2296 965 2335 apparet
991 2294 1088 2327 velut
1114 2294 1171 2326 III
1196 2296 1227 2334 2,
1257 2297 1293 2327 1:
1332 2295 1429 2341 μηδὲν
1461 2293 1605 2343 ῥᾳθυμίᾳ
1636 2297 1739 2343 νέμων
1764 2312 1808 2331 =
1833 2300 1926 2333 nihil

198 2351 359 2384 desidiae
386 2354 447 2383 aut
486 2351 600 2392 quieti
627 2351 790 2383 tribuens
825 2362 851 2383 s.
890 2350 1099 2392 indulgens3
1143 2353 1194 2385 III
1222 2353 1275 2393 12,
1301 2355 1340 2386 5:
1382 2349 1526 2398 ἀφίξεται
1561 2351 1706 2401 οἰόμενος
1742 2356 1848 2403 ἔρημα
1887 2354 1926 2391 τὰ

199 2407 347 2452 βασίλεια
370 2402 613 2456 καταλήψεσθαι
638 2421 680 2440 =
707 2410 784 2442 Liv.
803 2411 831 2449 1,
846 2411 909 2444 46:
935 2420 1046 2453 prope
1074 2412 1292 2445 continuatis
1318 2413 1503 2447 funeribus
1522 2426 1627 2457 quum
1644 2416 1767 2450 domos
1792 2429 1935 2452 vacuas.

196 2478 289 2500 novo
316 2467 543 2498 matrimonio
571 2466 758 2505 fecissent3
786 2468 835 2499 IV
853 2468 884 2506 5,
911 2468 951 2499 6:
977 2471 1057 2512 σιγῶ
1081 2464 1275 2514 Γερμανικόν
1292 2482 1336 2501 z
1354 2473 1455 2504 taceo
1470 2473 1734 2516 Germanicum
1762 2476 1800 2508 II
1825 2475 1856 2515 3,
1886 2477 1924 2509 1:

195 2516 234 2558 τὰ
259 2518 406 2570 παρόντα
430 2518 542 2568 ἐφόβει
568 2549 715 2558 .....
743 2520 804 2568 οὐχ
830 2518 913 2558 ogra»
938 2524 1071 2571 προνοίᾳ
1096 2529 1151 2574 τῆς
1178 2525 1294 2560 ἑαυτοῦ
1318 2527 1475 2574 σωτηρίας
1500 2543 1544 2561 =
1568 2535 1776 2573 praesentia
1812 2537 1925 2568 terre-

197 2583 286 2616 bant
311 2592 383 2615 non
409 2584 483 2615 tam
510 2591 594 2615 cura
618 2591 701 2615 suae
727 2582 841 2625 ipsius
868 2582 1007 2624 salutis,
1036 2594 1139 2627 quam
1166 2611 1174 2618 .
1202 2612 1209 2618 .
1236 2612 1243 2619 .

337 2639 467 2686 Μηδένα
492 2632 597 2675 διδοᾶς
621 2636 730 2682 καιρὸν
757 2637 918 2689 ἀναβολῆς
942 2642 993 2686 (ΙΙ
1014 2643 1065 2685 11,
1086 2643 1121 2687 1)
1148 2654 1228 2677 num
1245 2645 1294 2678 sit
1307 2644 1401 2679 idem
1423 2656 1464 2680 ac
1478 2647 1622 2683 Latine:
1648 2650 1788 2693 tempus
1811 2651 1925 2693 (occa-

198 2701 347 2737 sionem,
375 2697 600 2741 facultatem)
623 2697 707 2730 dare
732 2700 1012 2732 cunctationis
1051 2701 1142 2742 quod
1182 2702 1393 2743 dubitemus,
1433 2706 1548 2737 minus
1575 2716 1652 2739 csse
1680 2710 1777 2749 puto,
1818 2697 1948 2752 quam¹

198 2766 293 2796 num,
320 2758 360 2788 ut
386 2755 591 2797 suspicatur
614 2755 799 2798 Poblocki‚
826 2756 948 2790 eodem
986 2757 1088 2791 modo
1128 2758 1261 2792 dictum
1287 2761 1345 2800 sit,
1384 2772 1451 2803 quo
1488 2773 1545 2805 ap.
1570 2764 1647 2797 Liv.
1674 2765 1729 2805 25,
1753 2768 1817 2800 40:
1860 2768 1923 2801 sed

196 2815 331 2846 nullum
357 2822 471 2855 neque
497 2812 612 2844 locum
637 2822 750 2855 neque
777 2816 918 2857 tempus
944 2816 1205 2850 cunctationi
1232 2818 1455 2854 consiliove
1481 2819 1581 2855 dedit
1605 2823 1778 2858 Muttines
1803 2824 1922 2871 [sic!).

337 2872 430 2903 Item
456 2871 523 2902 hoc
549 2871 625 2902 loco
651 2872 885 2904 nominandus
908 2876 963 2905 est
977 2872 1130 2914 Kettler,
1159 2876 1218 2916 qui
1235 2886 1291 2918 ap.
1306 2877 1398 2911 Hdn.
1417 2881 1595 2922 tamquam
1609 2881 1731 2915 Latini
1748 2885 1937 2918 sermonis.

197 2929 355 2969 vestigia
380 2928 512 2959 iniuria
542 2928 681 2970 profert
706 2939 766 2971 pp,
788 2929 832 2961 37
849 2932 884 2962 et
901 2931 942 2963 13
970 2931 1180 2972 locutiones,
1206 2934 1343 2975 quales:
1370 2930 1504 2981 ἄγεσθαι
1527 2934 1609 2984 πρὸς
1631 2937 1734 2986 γάμον
1759 2942 1811 2976 IV
1827 2943 1879 2984 10,
1901 2943 1922 2976 2

196 2987 301 3031 (item
328 2997 384 3029 ap.
402 2988 499 3020 Plut.
515 2987 590 3020 Cat.
615 2987 696 3021 mai.
711 2988 776 3028 243
802 2988 988 3030 Chrysost.
1015 2989 1057 3022 de
1084 2990 1257 3035 sacerd.);
1284 2987 1369 3039 δόλῳ
1394 2990 1614 3041 λαμβάνεσθαι
1637 2999 1707 3032 VII
1722 3000 1753 3041 8,
1768 3000 1789 3033 6
1816 3000 1922 3045 [item

196 3056 252 3087 ap.
278 3045 407 3078 Aesch.
434 3044 533 3086 Sept.
561 3046 621 3084 383
663 3044 770 3086 Soph.
795 3046 884 3078 Phil.
925 3047 1022 3090 101),
1060 3043 1252 3092 ἐξόμνυσθαι
1286 3046 1341 3098 τήν
1366 3048 1469 3102 ἀρχήν
1507 3056 1545 3087 II
1573 3056 1624 3096 12,
1654 3057 1697 3089 15
1734 3058 1838 3100 (item
1863 3069 1920 3103 ap.

193 3102 309 3136 Arist.
336 3102 412 3136 Pol.
438 3103 470 3143 4,
498 3102 559 3143 133
597 3102 691 3135 Plut.
725 3103 832 3138 Marc.
869 3105 927 3145 12;
965 3105 1066 3139 Arat.
1104 3107 1149 3141 38
1184 3109 1375 3154 aliosque);
1412 3110 1510 3145 πίστιν
1536 3112 1617 3159 ἔχειν
1642 3114 1699 3147 τινί
1731 3116 1837 3161 (item
1863 3128 1936 3161 ap..
