2117 3478
915 289 1202 332 3-17-

893 421 931 459 4.
981 409 1220 449 adverbia:

332 481 559 542 ἀμερίμνως
587 487 656 532 IV
689 489 727 542 5,
751 490 801 545 7;
836 489 892 533 cf.
913 489 1168 547 Symmach.
1191 490 1223 534 J
1226 491 1300 534 ud.
1325 492 1390 545 18,
1414 491 1466 546 7;
1500 490 1743 548 Ephraem.
1767 489 1871 548 Syr.
1894 490 1922 533 3

193 572 234 613 p.
267 556 353 599 232
383 556 429 599 A
460 560 565 610 eto.;

331 621 527 676 εόθίκτως
546 629 578 684 1)
608 625 679 673 IV
709 630 748 683 7,
781 630 825 685 2;
860 628 916 674 of.
949 628 1093 674 Maec.
1126 630 1164 683 2,
1200 629 1266 684 15,
1300 628 1376 685 38;

330 701 563 753 κεφαλικῶς
593 699 643 741 II
675 700 740 752 13,
773 701 820 755 9;
857 700 945 744 vid.
979 700 1119 743 etiam
1150 700 1304 743 Herm.
1336 699 1502 741 Trism.
1534 715 1575 755 p.
1603 700 1669 751 10,
1701 700 1757 741 29
1788 699 1919 743 Clav.

331 814 505 869 Quodsi
537 816 761 860 vocabula
792 818 848 860 ab
864 816 1206 860 Herodiano'et
1237 833 1353 859 uno
1388 819 1436 859 et
1466 816 1657 873 primo
1691 819 1919 873 usurpata

191 887 466 942 spectamus,
499 884 774 928 facultatem
804 886 933 930 illam
964 885 1167 944 priorum
1214 885 1441 929 voeabula
1483 884 1725 938 formandi,
1780 898 1918 944 quam

190 958 245 998 ut
277 954 482 1012 exemplo
515 958 634 1008 utar,
686 955 745 998 in.
764 955 955 1012 Polybio
973 956 1008 1010 2)
1054 956 1264 1013 inprimis
1297 955 1593 1007 admiramur,
1626 957 1811 997 tantum
1844 954 1920 996 ad-

191 1026 390 1081 emptam
422 1039 512 1068 non
544 1039 643 1068 esse
679 1024 1011 1082 posterioribus
1028 1025 1077 1080 ³),
1108 1025 1434 1083 ingeniumque
1470 1024 1588 1067 illud
1620 1023 1797 1077 mobile,
1831 1039 1918 1082 quo

190 1093 356 1137 Graeci
387 1094 564 1152 priores
607 1098 655 1138 et
685 1095 914 1138 Romanos
946 1099 994 1138 et
1024 1095 1141 1139 alios
1182 1095 1375 1153 populos
1407 1095 1542 1150 longe
1564 1097 1915 1151 superaverunt,

190 1162 500 1215 interiturum,
527 1179 617 1206 non
648 1163 795 1206 dicam
828 1164 1108 1207 exstinctum
1140 1179 1239 1207 esse
1270 1164 1545 1207 invenimus.

327 1327 357 1371 1)
383 1328 436 1362 cf.
462 1328 537 1360 har.
564 1330 701 1370 quaest.
726 1338 759 1371 p.
787 1329 846 1363 12·

326 1386 353 1431 2)
380 1387 431 1420 Cf.
457 1386 601 1419 dissert.
627 1390 740 1420 nostr.
765 1387 953 1430 Polybian.
978 1397 1038 1429 pp.
1063 1387 1103 1428 23
1132 1387 1173 1419 12
1199 1397 1254 1428 ss,
1281 1387 1324 1420 39
1350 1397 1397 1419 ss.

325 1444 353 1489 3)
379 1444 431 1479 cf.
456 1444 564 1478 etiam
589 1442 635 1479 L.
662 1443 826 1478 Schmidt
847 1446 933 1478 tom.
958 1443 976 1475 Ι
1001 1454 1034 1486 p.
1058 1444 1115 1476 43.
