2117 3478
937 274 991 280 ,-
1053 248 1224 292 24.-

348 366 444 410 VII
477 368 515 419 7,
547 366 573 408 5
604 379 825 417 recusem,
872 363 1123 423 >quominus
1165 379 1267 407 cum
1313 361 1524 406 Bekkero
1575 363 1795 406 scribam:
1846 376 1955 416 προ-

208 433 405 493 τρέποντά
436 451 479 478 τε
508 433 602 484 τούς
624 434 786 491 <ps-2>
809 428 1059 490 ἡγουμένους
1080 434 1340 488 συναίρεσθαι
1359 436 1458 487 κτλ.,
1480 430 1531 475 τά
1566 429 1599 475 δ’
1622 433 1719 489 ἔθνη
1740 431 1957 474 πείθεσθαι

207 500 435 562 Ῥωμαίοις,
469 505 509 548 si
540 504 725 549 confero
758 504 883 547 locos
915 504 1177 547 simillimos
1210 503 1253 546 V
1284 504 1323 557 3,
1358 502 1415 546 10
1447 506 1495 546 et
1525 502 1569 546 V
1600 503 1639 556 3,
1673 503 1713 545 2.

350 586 392 631 V
424 587 463 641 6,
497 588 544 630 7:
600 582 714 648 αυτῷ
743 585 788 629 δὲ
819 586 1061 641 περιέκειντο
1110 601 1170 634 ως
1199 578 1430 641 ἦν.οχουντι
1469 582 1518 641 δὴ
1566 601 1624 646 τῳ
1669 587 1768 646 θεῷ
1833 581 1953 637 Quo·

213 663 366 707 minus
416 662 765 707 collocationem
811 658 1036 704 traditam
1085 653 1386 708 retineamus,
1434 654 1546 699 haec
1592 654 1691 698 fere
1738 653 1953 697 obstant:

213 733 374 793 Neque
408 734 503 777 ullo
536 733 736 777 omnium
769 720 868 775 1000
902 728 1026 787 apud
1057 726 1371 770 Herodianum
1407 726 1599 769 voculas
1642 740 1699 772 ως
1731 720 1781 778 δή
1814 723 1956 768 inter-

213 804 332 847 iecto
365 803 613 862 participio
646 805 888 860 separatas
921 798 1074 855 (velut
1106 797 1161 840 cf.
1197 797 1221 839 I
1255 798 1320 849 17,
1353 797 1401 850 6;
1456 795 1506 839 ΙΙ
1542 796 1607 849 13,
1641 795 1691 847 3;
1720 794 1810 847 ΙΙΙ,
1842 795 1882 845 7,
1916 795 1954 838 3.

215 876 281 928 12,
319 875 361 929 1;
395 872 464 917 IV
496 874 536 927 7,
573 873 647 928 11;
683 871 779 915 VII
810 871 849 925 4,
884 871 926 917 6.
957 870 998 924 6,
1030 870 1067 912 7.
1104 868 1143 921 9,
1177 867 1224 923 9;
1274 865 1408 919 VIII,
1443 865 1482 919 3,
1516 864 1565 921 8)
1616 880 1764 924 neque
1804 864 1954 922 legem

214 944 442 1002 quandam
476 943 634 986 hiatus
653 945 685 997 1)
718 940 927 985 evitandi
959 940 1252 983 observatam
1285 952 1384 979 esse
1417 935 1585 979 inveni.
1630 935 1734 977 Huc
1765 935 1957 987 accedit,

215 1014 336 1073 quod
368 1013 650 1058 adiectivum
697 1012 773 1056 vel
814 1025 1064 1069 pronomen
1113 1006 1533 1052 demonstrativum
1557 1027 1560 1030 *
1584 1020 1611 1049 a
1658 1003 1956 1049 substantivo

217 1099 298 1127 suo
342 1084 603 1127 seiunctum
649 1083 789 1126 verbo
833 1080 1110 1138 interposito
1161 1077 1285 1136 apud
1335 1076 1650 1120 Herodianum
1700 1073 1958 1118 sexcenties

216 1153 413 1210 legimus
455 1153 587 1196 velut
624 1153 648 1195 Ι
697 1152 763 1205 13,
812 1153 862 1205 2;
910 1150 988 1194 ΙΙΙ
1025 1151 1064 1203 8,
1114 1150 1152 1192 3.
1217 1148 1525 1202 Quamobrem
1583 1145 1958 1205 proposuerimus

217 1222 334 1266 hanc
356 1223 453 1266 fere
478 1221 854 1266 collocationem:
881 1217 990 1281 αότῳ
1020 1220 1065 1262 δὲ
1087 1218 1327 1274 περιέκειντο
1358 1234 1415 1274 τῳ
1450 1220 1542 1273 θεῷ
1573 1232 1630 1264 ως
1654 1214 1702 1270 δὴ
1735 1209 1961 1271 ἧνιοχοῦντι

218 1293 293 1335 vel
324 1293 493 1350 potius,
548 1295 602 1335 ut
633 1292 944 1335 coniecturam
988 1305 1015 1333 a
1048 1289 1096 1333 C.
1132 1286 1385 1332 Schenkl
1424 1286 1473 1330 in
1503 1285 1666 1330 Studd.
1700 1284 1957 1331 Vindobon

221 1376 260 1404 a.
288 1362 400 1405 1884
418 1366 451 1405 t.
473 1361 541 1405 VI
560 1377 602 1419 p.
626 1361 712 1405 286
734 1361 926 1403 allatam
951 1359 1278 1418 respiciamus:
1311 1356 1382 1407 τὰς
1404 1358 1448 1400 δὲ
1468 1351 1583 1413 ἡνίας
1601 1352 1784 1412 (οόὄέπω
1815 1356 1860 1398 δὲ
1889 1359 1963 1398 τοῦ

221 1428 403 1487 ἅρματος
434 1428 653 1487 ἅνθρωπος
699 1429 921 1485 ἐπέβαινεν)
966 1425 1086 1478 αότιὶς
1115 1428 1332 1484 περιέκειτο
1366 1421 1389 1468 o‘
1419 1425 1515 1476 θεὸς
1546 1420 1604 1475 ὥς
1634 1425 1683 1483 δὴ
1714 1420 1887 1481 τενιοχῶν
1906 1429 1960 1481 2).

360 1512 402 1556 V
433 1514 459 1555 6
490 1513 538 1556 9:
572 1510 652 1555 ὅσα
680 1509 818 1569 ἥμερα
849 1509 929 1554 ὅσα
962 1510 1149 1554 ἀτίῦασα.
1213 1510 1399 1553 Partem
1443 1509 1659 1568 asyndeti
1697 1509 1961 1552 bimembris

224 1583 529 1639 posteriorem
563 1583 715 1627 delere
764 1599 865 1626 cum
899 1581 957 1625 M.
1002 1597 1083 1638 ego
1131 1580 1314 1639 quidem
1361 1596 1450 1624 non
1490 1579 1696 1623 audeam.
1762 1578 1881 1622 Nam
1915 1582 1963 1623 et

223 1651 453 1709 asyndeta
484 1652 804 1706 bimembriass)
854 1666 925 1708 ap.
959 1650 1274 1694 Herodianum
1314 1649 1497 1707 saepius
1543 1648 1841 1706 reperiuntur
1884 1648 1959 1703 (cf.

224 1721 366 1763 etiam
388 1720 482 1763 VII
503 1721 543 1774 8,
566 1722 613 1776 4)
645 1736 727 1764 nec
749 1720 886 1764 facile
909 1735 1180 1778 quemquam
1213 1719 1501 1762 rarissimum
1532 1718 1651 1761 illud
1683 1717 1963 1761 adiectivum

224 1786 415 1839 ἇτίθασος
430 1793 467 1845 4)
508 1790 664 1834 textui
695 1789 999 1834 immiscuisse
1030 1789 1290 1847 putandum
1322 1792 1404 1832 est.

372 1870 441 1915 VI
471 1871 511 1926 8,
544 1872 570 1915 2
626 1871 854 1915 traditum
902 1875 974 1915 est
1021 1867 1167 1928 ἇσκήοι
1206 1870 1294 1926 (Β),
1346 1866 1506 1913 οἷσκοίοι
1547 1870 1631 1927 (i),
1690 1865 1833 1925 οἷσκοίη
1866 1869 1963 1925 (A),

229 1939 375 1998 οἷσκοίη
418 1957 532 1985 corr.
585 1942 633 1984 in
679 1937 839 1985 ἅσκοίοι.
878 1941 958 1997 (V)
1005 1958 1047 1983 τε
1095 1937 1240 1989 adro&
1280 1938 1329 1983 τοὶ
1373 1937 1649 1995 στρατιωτικά.
1710 1939 1877 1984 Nescio
1904 1954 1964 1983 an

227 2011 462 2056 lenissimo
509 2011 708 2055 remedio
754 2011 865 2066 1000,
919 2015 973 2055 ut
1019 2011 1217 2064 videtur,
1266 2011 1499 2055 laboranti
1551 2009 1759 2054 succurri
1800 2009 1962 2068 possit.

228 2082 363 2124 Hunc
396 2080 515 2124 enim
547 2080 685 2123 facile
718 2081 968 2133 curaveris,
1020 2080 1149 2124 modo
1181 2081 1407 2124 restituas
1438 2081 1673 2124 nobiscum
1706 2075 1887 2122 διδάσκοι
1901 2081 1940 2134 5)
1951 2095 1960 2134 ;

228 2151 348 2209 quod
381 2152 572 2194 verbum
604 2166 631 2193 a
661 2150 868 2193 librariis
900 2151 957 2193 ad
991 2147 1151 2194 ασκοίοι
1182 2155 1266 2194 etc.
1302 2150 1602 2194 deformatum
1646 2150 1687 2193 si
1717 2149 1960 2207 receperis,

229 2220 474 2278 aptissima
516 2223 564 2263 et
589 2219 885 2263 constructio
925 2220 1157 2263 efficiatur
1206 2224 1252 2263 et
1299 2235 1472 2287 sensus.
1536 2219 1760 2264 Conferas
1793 2233 1962 2278 quaeso

228 2289 298 2333 VI
333 2290 372 2343 8,
405 2290 456 2332 2;
489 2285 692 2332 διδάσκων
727 2305 872 2342 αυτους
902 2288 949 2331 τὰ
981 2290 1160 2345 ποιητέα.

375 2369 483 2448 VII,
509 2372 546 2424 1,
574 2372 618 2413 1:
651 2388 685 2413 τι
680 2371 723 2413 ’νι
754 2371 800 2427 με’
804 2386 822 2412 ν
855 2368 905 2427 δὴ
938 2371 1011 2428 βίῳ
1044 2364 1066 2414 o‘
1085 2368 1200 2416 Ἀλἑὲ
1182 2374 1349 2429 ανδρος
1370 2368 1573 2429 ἐχρησατο
1606 2371 1711 2415 τέλει
1741 2387 1783 2414 τε
1815 2363 1961 2414 ὄποίιυ.

229 2440 334 2483 τέλει
363 2456 406 2482 τε
438 2433 531 2482 ὁποι
526 2440 570 2481 ἰυ
601 2441 744 2483 verba
776 2441 1021 2484 deleantur
1053 2458 1153 2484 cum
1185 2441 1415 2485 Politiano
1449 2442 1617 2496 malim,
1661 2441 1829 2500 quippe
1863 2456 1964 2484 cum

230 2510 454 2553 eiusmodi
485 2510 675 2553 iteratio
708 2511 929 2554 continua
960 2512 1034 2566 (cf.
1069 2511 1137 2555 VI
1168 2513 1206 2564 9,
1240 2512 1298 2567 8),
1332 2512 1388 2555 ab
1420 2511 1702 2555 Herodianei
1741 2510 1965 2555 sermonis

371 2684 397 2727 ¹)
436 2684 486 2718 Cf.
522 2683 779 2719 Benselerum:
819 2685 869 2718 De
903 2685 1005 2718 hiatu
1044 2686 1080 2718 in
1119 2686 1323 2719 oratoribus
1367 2686 1519 2731 Atticis-⁴
1542 2689 1578 2719 et
1603 2687 1792 2720 historicis
1818 2687 1966 2721 Graecis

230 2743 313 2776 libr.
340 2743 375 2777 11
403 2754 437 2785 p.
464 2743 532 2775 548
559 2753 606 2776 ss,

370 2800 398 2844 2)
424 2800 503 2841 Qua
527 2800 565 2832 in
591 2800 826 2833 collocatione
852 2800 1092 2843 interpolator
1118 2801 1300 2835 offendens
1325 2803 1436 2836 verba
1461 2804 1728 2846 transposuisse
1754 2803 1907 2837 videtur.

367 2860 399 2902 3)
426 2859 477 2893 Cf.
505 2859 614 2892 etiam
640 2858 716 2892 har.
743 2859 922 2892 observat.
949 2870 982 2902 p.
1009 2860 1054 2892 20
1080 2862 1126 2894 et.
1153 2859 1234 2894 adn.
1260 2862 1299 2906 23
1325 2862 1412 2895 item
1438 2861 1584 2897 Kettler
1608 2873 1641 2905 p.
1667 2863 1724 2897 33.

366 2918 395 2960 4)
420 2917 472 2950 Cf.
498 2917 533 2950 h.
560 2917 705 2950 dissert.
731 2928 766 2959 p.
795 2918 833 2950 11
864 2919 900 2950 et
924 2917 1100 2952 Poblocki
1122 2930 1156 2961 p.
1183 2919 1238 2953 29.

368 2975 399 3019 5)
427 2974 579 3008 Tirones
618 2975 712 3008 enim
739 2977 775 3008 et
811 2974 1028 3009 instituendi
1063 2975 1117 3020 (in
1153 2987 1192 3010 re
1228 2976 1392 3023 militari)
1427 2980 1511 3011 sunt
1551 2980 1588 3011 et
1622 2977 1813 3011 exercendi
1845 2990 1891 3010 ε
1923 2972 1969 3013 ὠς

226 3030 371 3068 διδάσκοι
405 3045 438 3067 τε
476 3025 595 3070 axi-code
631 3024 669 3066 τὰ
709 3028 915 3080 στρατιωτικὰ
948 3032 1001 3071 καὶ
1033 3033 1065 3075 ἐς
1099 3027 1133 3067 τό
1171 3035 1319 3085 πολεμεῖν
1355 3030 1560 3087 ἐπιτηδεῦους
1595 3031 1835 3086 παρασκευάζοι
1881 3035 1967 3079 (vid,

226 3093 337 3128 etiam
364 3089 492 3136 seqq.).
