2117 3478
917 247 1175 291 -8-

179 365 354 408 multas
371 367 404 419 1)
434 365 701 423 plerumque
732 365 803 417 'ad
834 365 1022 407 verbum
1068 363 1284 405 memoria
1314 361 1579 418 complexus
1610 361 1836 404 orationis
1867 365 1916 405 et

180 434 475 478 adornandae
507 438 554 478 et
586 433 901 491 explanandae
933 447 1073 476 causa
1103 431 1260 475 libello
1293 445 1374 474 suo
1403 429 1696 474 immisceret.

320 538 581 597 Sequentur
617 539 708 582 iam
732 538 1023 591 Graecorum,
1056 552 1167 595 quos
1198 535 1503 589 imitatus2)
1535 534 1915 580 estflerodianus

749 619 808 665 a)
833 627 1014 655 rerum
1040 617 1343 661 scriptores.

321 688 442 732 Sunt
472 693 627 733 aubem
659 688 948 746 potissimum
981 686 1245 745 appellandi

864 787 897 812 1.
931 771 1218 810 Herodotus:

319 842 506 884 Μνᾶσθαι
535 839 605 897 τὴν
637 836 766 897 ἀρχήν
799 856 868 898 ap.
901 839 1011 883 Hdt.
1047 839 1084 890 1,
1108 839 1182 894 96;
1217 836 1273 881 of.
1306 836 1446 880 etiam
1481 836 1518 890 1,
1552 837 1658 892 205,
1692 837 1804 880 item
1839 850 1911 894 ap.

182 909 303 953 Hdn.
336 910 388 953 II
419 912 457 964 7,
489 910 538 965 83
572 910 649 954 III
680 912 717 963 7,
751 911 801 964 4;
834 912 1076 967 praeterea
1107 908 1198 951 vid.
1233 907 1284 951 Π
1315 907 1354 961 9,
1390 907 1445 950 10
1477 909 1524 950 et
1553 906 1632 949 III
1664 906 1732 960 15,
1767 907 1805 950 1.

326 975 459 1028 Νόσος
490 973 789 1035 καταλαμβάνει
827 972 913 1021 τινά
958 993 1031 1035 ap.
1064 977 1174 1021 Hdt.
1211 977 1249 1029 3,
1287 976 1388 1031 149;
1440 975 1553 1019 item
1601 990 1673 1033 ap.
1719 975 1843 1023 Hdn.
1888 974 1914 1019 I

184 1048 224 1099 3,
259 1049 306 1103 1,
357 1047 435 1090 III
467 1048 532 1102 15,
571 1050 604 1091 1.
668 1047 737 1091 Of.
771 1047 910 1090 etiam
956 1046 1111 1090 adnot.
1145 1045 1215 1089 IV
1248 1044 1590 1089 Mendelssohni
1621 1044 1681 1087 ad
1711 1044 1737 1087 I
1770 1045 1837 1099 17,
1872 1045 1912 1099 6,

178 1117 257 1159 ubi
290 1112 361 1159 οὖν
395 1117 653 1161 ΗθΓοᾶοί-,θο
686 1131 807 1160 more
839 1117 1041 1174 positum
1075 1119 1158 1169 est,
1192 1129 1244 1159 ao
1280 1115 1415 1158 simil.

319 1180 559 1230 Κινδυνευέιν
592 1190 649 1241 τῇ
683 1190 822 1243 ψυχῇ
853 1201 922 1244 ap.
958 1185 1072 1231 Hdt.
1108 1186 1145 1239 7,
1180 1185 1284 1241 209;
1318 1185 1357 1240 8,
1391 1185 1464 1240 74;
1518 1184 1632 1229 stem
1665 1198 1736 1242 ap.
1788 1183 1913 1230 Hdn.

184 1254 254 1297 VI
285 1257 323 1306 5,
357 1257 396 1298 8.

821 1338 856 1367 2.
889 1326 1190 1376 Thucydides
1204 1326 1263 1378 3):

315 1403 381 1448 Ἐν
414 1407 519 1463 αἰτίᾳ
548 1407 650 1459 ἔχειν
683 1405 765 1448 τινα
799 1400 855 1454 ὦς
885 1421 955 1463 ap.
974 1406 1116 1449 Thuo.
1147 1407 1173 1448 2
1205 1406 1261 1448 59
1293 1405 1371 1460 (of.
1396 1405 1538 1448 etiam
1573 1405 1609 1457 1,
1629 1405 1705 1459 353
1740 1405 1912 1459 5‚106);

181 1475 293 1520 item
327 1490 396 1534 ap.
429 1474 548 1518 Hdn.
581 1474 649 1519 VI
681 1475 719 1529 7,
752 1475 790 1519 3.

318 1543 552 1600 Εόεργεσὶαν
593 1547 881 1587 κατατίθεσθαι
911 1544 1010 1601 πρός
1053 1563 1135 1587 τινα
1176 1561 1247 1603 ap.
1281 1547 1422 1589 Thue.
1459 1547 1496 1597 1,
1534 1546 1637 1599 1283
1690 1546 1804 1587 item
1836 1560 1910 1602 ap.

179 1614 302 1658 Hdn.
350 1614 425 1657 ΙΙΙ
456 1615 493 1668 6,
529 1616 566 1666 2,
614 1614 703 1658 nisi
748 1615 867 1672 quod
897 1615 1020 1672 apud
1064 1615 1184 1658 huno
1232 1614 1424 1671 [egimus
1455 1615 1498 1663 ’ές
1528 1629 1611 1672 pro
1643 1612 1755 1670 πρὸς,
1790 1611 1912 1672 quod

178 1684 395 1725 memoria
425 1685 580 1739 lapsus
612 1699 850 1740 perperam
884 1685 1120 1741 scripsisse
1152 1685 1352 1727 videtur.
1416 1684 1535 1727 Vide
1582 1688 1746 1726 eontra
1795 1688 1907 1728 Xen.

175 1751 265 1794 An.
300 1753 338 1804 7,
372 1753 409 1805 7,
441 1752 516 1807 47;
550 1751 669 1795 Plat.
703 1751 837 1809 Gorg.
871 1768 912 1810 p.
947 1753 1030 1796 513
1066 1753 1128 1808 D3
1165 1753 1293 1812 Reip.
1330 1754 1386 1797 10
1416 1769 1458 1812 p.
1492 1754 1578 1796 615
1610 1752 1662 1796 Β.

319 1818 508 1877 Λογοίδεςμ
531 1822 599 1864 καὶ
631 1823 827 1863 ἐπίλεκτοι
868 1837 939 1879 ap.
972 1823 1113 1867 Thue.
1146 1825 1184 1876 6,
1220 1824 1322 1878 100,
1357 1823 1468 1866 item
1501 1838 1572 1880 ap.
1606 1823 1728 1865 Hdn.
1760 1822 1810 1866 II
1845 1822 1911 1875 13,

183 1890 237 1933 12
270 1890 524 1948 (probanda
556 1894 627 1934 est
657 1891 794 1935 lectio
828 1890 1094 1949 Stephani),·
1125 1892 1248 1936 VIII
1280 1892 1318 1945 5,
1353 1893 1380 1936 5
1413 1892 1642 1949 (collocat.
1677 1891 1909 1949 inversa);

182 1960 240 2002 ef.
274 1960 413 2002 etiam
446 1960 564 2003 VIII
596 1962 635 2011 6,
667 1962 706 2002 5.

313 2024 556 2086 Ἂναχωρεῐν
588 2029 627 2079 ἐς
659 2027 784 2087 φυγήν
817 2030 1190 2090 quemadmodum
1223 2046 1292 2090 ap.
1336 2030 1491 2085 Thuc„
1526 2030 1590 2075 Sic
1638 2030 1780 2075 etiam
1830 2044 1902 2090 ap.

177 2098 297 2140 Hdn.
335 2098 428 2140 VIi
458 2100 497 2151 2,
530 2100 568 2141 6.

318 2162 508 2223 Προάγειν
541 2167 611 2224 τήν
647 2165 776 2225 ἀρχήν
818 2185 887 2228 ap.
935 2171 1075 2215 Thuo.
1109 2172 1145 2225 1,
1179 2172 1256 2227 75;
1309 2172 1423 2215 item
1455 2186 1526 2229 ap.
1575 2170 1695 2214 Hdn.
1744 2171 1769 2214 I
1801 2172 1840 2224 5,
1883 2171 1909 2214 6

181 2238 362 2292 (contra
395 2237 480 2292 04)
513 2238 700 2291 codices,
734 2239 810 2296 qui
843 2239 1056 2283 exhibent
1087 2236 1325 2298 προςάγειν).

316 2389 342 2433 1)
369 2389 540 2422 Omittam
578 2391 614 2422 in
654 2391 965 2424 observationibus
993 2393 1080 2425 meis
1114 2394 1252 2434 afferre,
1289 2403 1377 2436 quae
1409 2393 1474 2426 alii
1507 2392 1549 2426 de
1587 2393 1654 2426 hoc
1681 2403 1813 2435 genere
1839 2393 1911 2426 iam

175 2447 521 2487 animadverterunt,
548 2448 645 2480 velut
671 2448 717 2481 F.
743 2449 789 2483 A.
823 2448 927 2492 Wozf
947 2452 1057 2492 praef.
1084 2462 1117 2493 p.
1152 2452 1261 2492 LIII;
1300 2450 1476 2485 Poblockc'
1500 2462 1533 2493 p.
1560 2452 1605 2484 27
1632 2460 1689 2493 ss3
1728 2452 1771 2484 cf.
1800 2451 1910 2484 etiam

174 2502 302 2536 Baehr
326 2505 364 2536 in
388 2505 501 2546 Pauly
514 2505 743 2547 Real-Eucyl.
770 2506 826 2539 III
852 2517 885 2549 p.
903 2508 1008 2549 12373
1036 2511 1159 2542 contra
1186 2519 1227 2542 ea
1252 2509 1333 2542 vide
1361 2519 1501 2553 quoque
1525 2507 1729 2543 Volkmann
1753 2519 1786 2551 p.
1804 2508 1845 2540 21
1859 2517 1906 2542 SS.

316 2561 342 2605 2)
370 2562 582 2596 Imitatio
624 2563 707 2606 quid
740 2565 809 2598 sibi
834 2566 933 2606 velit,
960 2569 1056 2600 reete
1083 2567 1224 2609 quidem
1252 2569 1418 2611 exposuit
1442 2566 1620 2602 Poblockl'
1650 2569 1701 2611 (p.
1732 2568 1778 2600 28
1802 2566 1909 2612 init.),

175 2620 239 2652 sed
264 2630 335 2652 non
360 2630 500 2661 semper
537 2621 622 2652 item
659 2621 863 2653 observavit
899 2628 1005 2664 (resp.
1030 2624 1105 2656 har.
1133 2628 1269 2666 quaest.
1297 2636 1331 2667 p.
1356 2626 1378 2657 8
1403 2625 1484 2659 adn.
1510 2626 1531 2657 2
1559 2628 1597 2657 et
1621 2636 1655 2668 p.
1683 2626 1723 2656 11
1752 2624 1831 2657 adn.
1858 2624 1910 2668 3).

313 2677 344 2722 3)
372 2678 422 2711 Cf.
451 2679 559 2712 etiam
591 2677 698 2723 Wolf
717 2681 827 2722 praef.
854 2692 888 2723 p.
913 2682 1012 2726 1211133
1039 2681 1216 2717 Pobloclci
1237 2695 1296 2727 pp.
1322 2685 1367 2717 28
1393 2688 1430 2718 et
1455 2685 1511 2723 29,
1539 2685 1600 2727 qui
1624 2687 1761 2718 temere
1787 2686 1911 2718 censet

176 2735 421 2768 Herodianum
447 2746 490 2768 ex
516 2736 722 2778 Thucydide
757 2738 952 2781 dempsisse
977 2741 1087 2773 verba
1112 2737 1237 2785 φονικός
1261 2743 1361 2775 velut
1387 2743 1446 2775 III
1477 2744 1508 2782 7,
1548 2742 1569 2773 2
1605 2742 1706 2786 (item
1731 2753 1788 2785 ap.
1814 2743 1911 2777 Plat.

175 2793 330 2829 Phaedr.
355 2805 388 2837 p.
415 2795 486 2828 252
513 2796 555 2837 C;
605 2797 713 2830 Isoor.
740 2807 772 2839 p.
799 2797 844 2831 48
871 2798 913 2839 C;
952 2799 1048 2832 Dem.
1075 2811 1108 2842 p.
1136 2801 1212 2841 122,
1240 2801 1299 2842 13;
1338 2802 1416 2842 528,
1443 2802 1486 2843 5;
1513 2812 1620 2844 saep,
1658 2800 1761 2836 Diod.
1789 2802 1818 2842 1,
1846 2802 1908 2844 77;

174 2852 270 2884 Plut.
296 2854 397 2885 Rom.
430 2853 491 2894 20;
517 2854 603 2886 Mor.
630 2864 664 2895 p.
690 2854 759 2886 250
776 2854 817 2894 Β)
862 2858 898 2887 et
923 2851 1057 2900 σύγκλυς
1081 2859 1120 2889 ut
1145 2858 1214 2891 VII
1240 2859 1271 2899 7,
1300 2859 1316 2891 1
1356 2859 1460 2903 (item
1487 2871 1543 2902 ap.
1570 2859 1662 2893 Plat.
1691 2858 1842 2892 Axioch.
1869 2868 1906 2900 p.

180 2908 248 2941 369
273 2908 322 2951 A;
364 2910 468 2952 Reip.
495 2911 516 2943 8
541 2922 575 2953 p.
602 2911 689 2952 5693
727 2911 845 2944 Strab.
872 2913 894 2944 4
918 2924 952 2955 p.
982 2914 1062 2955 190;
1104 2914 1243 2949 Philon.
1273 2917 1338 2950 vol.
1366 2918 1404 2949 II
1429 2929 1465 2960 p.
1492 2918 1570 2958 312,
1598 2918 1662 2958 40;
1689 2917 1786 2950 Plut.
1813 2916 1904 2950 Mor.

171 2977 205 3008 p.
232 2968 297 2999 201
325 2967 384 3010 F);
423 2967 517 3000 idem
542 2969 640 3000 valet
678 2967 720 3001 de
748 2969 917 3003 formula:
942 2968 1083 3003 κίνδυνον
1118 2968 1319 3018 ἀναρρίπτειν
1358 2975 1419 3018 (cf.
1457 2976 1552 3008 Plut.
1579 2975 1657 3009 Nic.
1685 2975 1747 3016 115
1788 2975 1909 3018 Comp.

171 3023 245 3057 Sol.
273 3034 302 3057 c.
328 3024 427 3067 Popl.
453 3024 530 3068 4.);
556 3025 629 3059 vid.
656 3026 764 3058 etiam
789 3025 933 3060 Kettler
957 3038 1015 3070 pp.
1044 3030 1103 3071 183
1129 3031 1189 3072 22;
1218 3032 1272 3065 27.

310 3081 340 3124 4)
366 3082 421 3119 Cf.
446 3082 521 3116 har.
548 3083 729 3116 observat.
756 3094 788 3126 p.
816 3084 857 3116 21
886 3084 964 3118 adn.
992 3089 1023 3119 3.
