<?xml version="1.0" encoding="UTF-8"?>
<!DOCTYPE html PUBLIC "-//W3C//DTD XHTML 1.0 Transitional//EN"
    "http://www.w3.org/TR/xhtml1/DTD/xhtml1-transitional.dtd">
<html xmlns="http://www.w3.org/1999/xhtml" xml:lang="en" lang="en">
 <head>
  <title>
</title>
<meta http-equiv="Content-Type" content="text/html;charset=utf-8" />
  <meta name='ocr-system' content='tesseract 3.04.00' />
  <meta name='ocr-capabilities' content='ocr_page ocr_carea ocr_par ocr_line ocrx_word'/>
</head>
<body>
  <div class='ocr_page' id='page_1' title='image "4626111_0019.png"; bbox 0 0 2117 3478; ppageno 0'>
   <div class='ocr_carea' id='block_1_1' title="bbox 941 272 1224 315">
    <p class='ocr_par' dir='ltr' id='par_1_1' title="bbox 941 272 1224 315">
     <span class='ocr_line' id='line_1_1' title="bbox 941 272 1224 315; baseline 0.004 -12"><span class='ocrx_word' id='word_1_1' title='bbox 941 272 1224 315; x_wconf 65' lang='lat'>„13—</span> 
     </span>
    </p>
   </div>
   <div class='ocr_carea' id='block_1_2' title="bbox 204 381 1956 1143">
    <p class='ocr_par' dir='ltr' id='par_1_2' title="bbox 206 381 1956 586">
     <span class='ocr_line' id='line_1_2' title="bbox 348 381 1956 448; baseline 0.002 -20"><span class='ocrx_word' id='word_1_2' title='bbox 348 381 625 441; x_wconf 82' lang='grc' dir='ltr'>Δηλητήριος</span> <span class='ocrx_word' id='word_1_3' title='bbox 671 387 991 443; x_wconf 87' lang='lat' dir='ltr'><strong>(adiectivum)</strong></span> <span class='ocrx_word' id='word_1_4' title='bbox 1035 402 1105 446; x_wconf 88' lang='lat' dir='ltr'><strong>ap.</strong></span> <span class='ocrx_word' id='word_1_5' title='bbox 1147 390 1278 434; x_wconf 89' lang='lat' dir='ltr'><strong>Aret.</strong></span> <span class='ocrx_word' id='word_1_6' title='bbox 1311 394 1434 433; x_wconf 88' lang='lat' dir='ltr'><strong>aeut.</strong></span> <span class='ocrx_word' id='word_1_7' title='bbox 1468 404 1590 448; x_wconf 89' lang='lat' dir='ltr'><strong>pass.</strong></span> <span class='ocrx_word' id='word_1_8' title='bbox 1634 391 1672 441; x_wconf 78' lang='lat'><strong>2,</strong></span> <span class='ocrx_word' id='word_1_9' title='bbox 1717 391 1791 445; x_wconf 92' lang='grc'><strong>10,</strong></span> <span class='ocrx_word' id='word_1_10' title='bbox 1840 390 1956 433; x_wconf 89' lang='lat' dir='ltr'><strong>item</strong></span> 
     </span>
     <span class='ocr_line' id='line_1_3' title="bbox 208 455 1951 516; baseline 0.002 -17"><span class='ocrx_word' id='word_1_11' title='bbox 208 471 279 515; x_wconf 86' lang='lat' dir='ltr'><strong>ap.</strong></span> <span class='ocrx_word' id='word_1_12' title='bbox 315 455 437 500; x_wconf 90' lang='lat' dir='ltr'><strong>Hdn.</strong></span> <span class='ocrx_word' id='word_1_13' title='bbox 469 455 604 500; x_wconf 88' lang='lat' dir='ltr'><strong>velut</strong></span> <span class='ocrx_word' id='word_1_14' title='bbox 633 456 659 501; x_wconf 86' lang='grc' dir='ltr'><strong>Ι</strong></span> <span class='ocrx_word' id='word_1_15' title='bbox 692 457 759 512; x_wconf 89' lang='grc'><strong>17,</strong></span> <span class='ocrx_word' id='word_1_16' title='bbox 791 458 848 515; x_wconf 87' lang='grc'><strong>8,</strong></span> <span class='ocrx_word' id='word_1_17' title='bbox 878 457 957 502; x_wconf 93' lang='lat' dir='ltr'><strong>III</strong></span> <span class='ocrx_word' id='word_1_18' title='bbox 987 458 1026 511; x_wconf 84' lang='lat'><strong>5,</strong></span> <span class='ocrx_word' id='word_1_19' title='bbox 1059 459 1107 513; x_wconf 90' lang='lat'><strong>4;</strong></span> <span class='ocrx_word' id='word_1_20' title='bbox 1168 458 1237 503; x_wconf 91' lang='lat' dir='ltr'><strong>IV</strong></span> <span class='ocrx_word' id='word_1_21' title='bbox 1273 460 1309 514; x_wconf 88' lang='lat'><strong>1,</strong></span> <span class='ocrx_word' id='word_1_22' title='bbox 1345 461 1383 503; x_wconf 90' lang='lat'><strong>1.</strong></span> <span class='ocrx_word' id='word_1_23' title='bbox 1414 460 1455 514; x_wconf 84' lang='lat'><strong>4,</strong></span> <span class='ocrx_word' id='word_1_24' title='bbox 1489 461 1527 504; x_wconf 77' lang='lat'><strong>2.</strong></span> <span class='ocrx_word' id='word_1_25' title='bbox 1563 460 1602 514; x_wconf 83' lang='lat'><strong>5,</strong></span> <span class='ocrx_word' id='word_1_26' title='bbox 1635 460 1685 516; x_wconf 83' lang='lat'><strong>4;</strong></span> <span class='ocrx_word' id='word_1_27' title='bbox 1718 459 1775 504; x_wconf 87' lang='lat' dir='ltr'><strong>cf.</strong></span> <span class='ocrx_word' id='word_1_28' title='bbox 1810 459 1951 503; x_wconf 87' lang='lat' dir='ltr'><strong>etiam</strong></span> 
     </span>
     <span class='ocr_line' id='line_1_4' title="bbox 206 524 1445 586; baseline 0.003 -18"><span class='ocrx_word' id='word_1_29' title='bbox 206 525 407 583; x_wconf 84' lang='lat' dir='ltr'><strong>Theoph.</strong></span> <span class='ocrx_word' id='word_1_30' title='bbox 442 524 591 569; x_wconf 91' lang='lat' dir='ltr'><strong>Nonn.</strong></span> <span class='ocrx_word' id='word_1_31' title='bbox 624 527 714 570; x_wconf 92' lang='lat' dir='ltr'><strong>vol.</strong></span> <span class='ocrx_word' id='word_1_32' title='bbox 748 527 800 570; x_wconf 93' lang='lat' dir='ltr'><strong>II</strong></span> <span class='ocrx_word' id='word_1_33' title='bbox 829 543 871 585; x_wconf 89' lang='lat' dir='ltr'><strong>p.</strong></span> <span class='ocrx_word' id='word_1_34' title='bbox 909 527 1010 583; x_wconf 91' lang='grc'><strong>108,</strong></span> <span class='ocrx_word' id='word_1_35' title='bbox 1042 527 1207 571; x_wconf 90' lang='lat' dir='ltr'><strong>Zonar.</strong></span> <span class='ocrx_word' id='word_1_36' title='bbox 1241 544 1282 586; x_wconf 91' lang='lat' dir='ltr'><strong>p.</strong></span> <span class='ocrx_word' id='word_1_37' title='bbox 1316 530 1445 573; x_wconf 87' lang='grc'><strong>1737.</strong></span> 
     </span>
    </p>

    <p class='ocr_par' dir='ltr' id='par_1_3' title="bbox 204 591 1948 793">
     <span class='ocr_line' id='line_1_5' title="bbox 341 591 1945 657; baseline 0.003 -20"><span class='ocrx_word' id='word_1_38' title='bbox 341 591 566 651; x_wconf 74' lang='grc' dir='ltr'>Ἐκκρεμής</span> <span class='ocrx_word' id='word_1_39' title='bbox 604 610 677 654; x_wconf 84' lang='lat' dir='ltr'><strong>ap.</strong></span> <span class='ocrx_word' id='word_1_40' title='bbox 720 598 850 641; x_wconf 90' lang='lat' dir='ltr'><strong>Aret.</strong></span> <span class='ocrx_word' id='word_1_41' title='bbox 884 601 1005 641; x_wconf 87' lang='lat' dir='ltr'><strong>acut.</strong></span> <span class='ocrx_word' id='word_1_42' title='bbox 1047 614 1102 641; x_wconf 92' lang='lat' dir='ltr'><strong>m.</strong></span> <span class='ocrx_word' id='word_1_43' title='bbox 1138 613 1260 642; x_wconf 88' lang='lat' dir='ltr'><strong>caus.</strong></span> <span class='ocrx_word' id='word_1_44' title='bbox 1306 599 1343 652; x_wconf 92' lang='grc'><strong>1,</strong></span> <span class='ocrx_word' id='word_1_45' title='bbox 1376 599 1404 642; x_wconf 94' lang='grc'><strong>8</strong></span> <span class='ocrx_word' id='word_1_46' title='bbox 1434 615 1475 657; x_wconf 89' lang='lat' dir='ltr'><strong>p.</strong></span> <span class='ocrx_word' id='word_1_47' title='bbox 1510 600 1537 642; x_wconf 88' lang='grc'>6</span> <span class='ocrx_word' id='word_1_48' title='bbox 1574 620 1626 635; x_wconf 88' lang='lat'>=</span> <span class='ocrx_word' id='word_1_49' title='bbox 1660 600 1686 642; x_wconf 94' lang='grc'><strong>7</strong></span> <span class='ocrx_word' id='word_1_50' title='bbox 1719 604 1768 642; x_wconf 89' lang='lat' dir='ltr'><strong>et</strong></span> <span class='ocrx_word' id='word_1_51' title='bbox 1798 613 1945 656; x_wconf 87' lang='lat' dir='ltr'><strong>saep.;</strong></span> 
     </span>
     <span class='ocr_line' id='line_1_6' title="bbox 204 664 1948 727; baseline 0.003 -19"><span class='ocrx_word' id='word_1_52' title='bbox 204 664 318 710; x_wconf 91' lang='lat' dir='ltr'><strong>item</strong></span> <span class='ocrx_word' id='word_1_53' title='bbox 350 679 422 724; x_wconf 90' lang='lat' dir='ltr'><strong>ap.</strong></span> <span class='ocrx_word' id='word_1_54' title='bbox 456 664 576 710; x_wconf 86' lang='lat' dir='ltr'><strong>Hdn.</strong></span> <span class='ocrx_word' id='word_1_55' title='bbox 609 665 634 709; x_wconf 93' lang='lat' dir='ltr'><strong>I</strong></span> <span class='ocrx_word' id='word_1_56' title='bbox 665 667 703 721; x_wconf 87' lang='grc'><strong>9,</strong></span> <span class='ocrx_word' id='word_1_57' title='bbox 752 669 800 721; x_wconf 80' lang='lat'><strong>33</strong></span> <span class='ocrx_word' id='word_1_58' title='bbox 846 682 964 726; x_wconf 84' lang='lat' dir='ltr'><strong>resp.</strong></span> <span class='ocrx_word' id='word_1_59' title='bbox 998 667 1138 712; x_wconf 87' lang='lat' dir='ltr'><strong>etiam</strong></span> <span class='ocrx_word' id='word_1_60' title='bbox 1170 668 1345 726; x_wconf 86' lang='lat' dir='ltr'><strong>Agath.</strong></span> <span class='ocrx_word' id='word_1_61' title='bbox 1387 670 1426 723; x_wconf 80' lang='lat'><strong>2,</strong></span> <span class='ocrx_word' id='word_1_62' title='bbox 1460 669 1513 713; x_wconf 88' lang='grc'><strong>31</strong></span> <span class='ocrx_word' id='word_1_63' title='bbox 1561 685 1603 727; x_wconf 89' lang='lat' dir='ltr'><strong>p.</strong></span> <span class='ocrx_word' id='word_1_64' title='bbox 1638 669 1695 713; x_wconf 89' lang='grc'><strong>70</strong></span> <span class='ocrx_word' id='word_1_65' title='bbox 1724 668 1791 724; x_wconf 90' lang='lat' dir='ltr'><strong>D;</strong></span> <span class='ocrx_word' id='word_1_66' title='bbox 1845 668 1948 713; x_wconf 88' lang='lat' dir='ltr'><strong>Col..</strong></span> 
     </span>
     <span class='ocr_line' id='line_1_7' title="bbox 206 734 1477 793; baseline 0.003 -16"><span class='ocrx_word' id='word_1_67' title='bbox 206 735 311 790; x_wconf 87' lang='lat'>108;</span> <span class='ocrx_word' id='word_1_68' title='bbox 347 734 395 778; x_wconf 91' lang='lat' dir='ltr'><strong>P.</strong></span> <span class='ocrx_word' id='word_1_69' title='bbox 431 735 513 781; x_wconf 87' lang='lat' dir='ltr'><strong>Sil.</strong></span> <span class='ocrx_word' id='word_1_70' title='bbox 549 738 603 781; x_wconf 87' lang='grc'><strong>39</strong></span> <span class='ocrx_word' id='word_1_71' title='bbox 635 736 710 793; x_wconf 89' lang='lat' dir='ltr'><strong>(V,</strong></span> <span class='ocrx_word' id='word_1_72' title='bbox 740 738 866 793; x_wconf 81' lang='grc'><strong>241),</strong></span> <span class='ocrx_word' id='word_1_73' title='bbox 899 737 1133 781; x_wconf 84' lang='lat' dir='ltr'>Macedon.</span> <span class='ocrx_word' id='word_1_74' title='bbox 1169 739 1222 781; x_wconf 91' lang='lat'><strong>13</strong></span> <span class='ocrx_word' id='word_1_75' title='bbox 1253 738 1327 793; x_wconf 91' lang='lat' dir='ltr'><strong>(V,</strong></span> <span class='ocrx_word' id='word_1_76' title='bbox 1361 739 1477 793; x_wconf 78' lang='lat'><strong>247).</strong></span> 
     </span>
    </p>

    <p class='ocr_par' dir='ltr' id='par_1_4' title="bbox 344 799 1823 866">
     <span class='ocr_line' id='line_1_8' title="bbox 344 799 1823 866; baseline 0.004 -19"><span class='ocrx_word' id='word_1_77' title='bbox 344 799 636 864; x_wconf 71' lang='grc' dir='ltr'>Ειῗπρόσφορος</span> <span class='ocrx_word' id='word_1_78' title='bbox 666 822 738 866; x_wconf 85' lang='lat' dir='ltr'><strong>ap.</strong></span> <span class='ocrx_word' id='word_1_79' title='bbox 770 806 965 852; x_wconf 91' lang='lat' dir='ltr'><strong>Xenocr.</strong></span> <span class='ocrx_word' id='word_1_80' title='bbox 999 808 1038 862; x_wconf 83' lang='lat'><strong>7,</strong></span> <span class='ocrx_word' id='word_1_81' title='bbox 1071 807 1120 859; x_wconf 90' lang='grc'><strong>9,</strong></span> <span class='ocrx_word' id='word_1_82' title='bbox 1152 807 1263 851; x_wconf 89' lang='lat' dir='ltr'><strong>item</strong></span> <span class='ocrx_word' id='word_1_83' title='bbox 1296 822 1366 865; x_wconf 85' lang='lat' dir='ltr'><strong>ap.</strong></span> <span class='ocrx_word' id='word_1_84' title='bbox 1401 807 1522 852; x_wconf 91' lang='lat' dir='ltr'><strong>Hdn.</strong></span> <span class='ocrx_word' id='word_1_85' title='bbox 1556 807 1679 852; x_wconf 92' lang='lat' dir='ltr'><strong>VIII</strong></span> <span class='ocrx_word' id='word_1_86' title='bbox 1711 809 1750 858; x_wconf 89' lang='grc'><strong>3,</strong></span> <span class='ocrx_word' id='word_1_87' title='bbox 1784 809 1823 853; x_wconf 86' lang='grc'><strong>7.</strong></span> 
     </span>
    </p>

    <p class='ocr_par' dir='ltr' id='par_1_5' title="bbox 205 876 1942 1071">
     <span class='ocr_line' id='line_1_9' title="bbox 343 876 1940 934; baseline 0.002 -17"><span class='ocrx_word' id='word_1_88' title='bbox 343 877 521 931; x_wconf 81' lang='grc' dir='ltr'>Μυλίτης</span> <span class='ocrx_word' id='word_1_89' title='bbox 568 877 684 924; x_wconf 80' lang='grc' dir='ltr'><strong>λίθος</strong></span> <span class='ocrx_word' id='word_1_90' title='bbox 730 891 800 933; x_wconf 87' lang='lat' dir='ltr'><strong>ap.</strong></span> <span class='ocrx_word' id='word_1_91' title='bbox 854 876 1013 919; x_wconf 81' lang='lat' dir='ltr'><strong>Galen.</strong></span> <span class='ocrx_word' id='word_1_92' title='bbox 1044 877 1238 933; x_wconf 82' lang='lat' dir='ltr'><strong>Therap.</strong></span> <span class='ocrx_word' id='word_1_93' title='bbox 1292 878 1365 931; x_wconf 86' lang='lat'><strong>14;</strong></span> <span class='ocrx_word' id='word_1_94' title='bbox 1428 893 1499 934; x_wconf 88' lang='lat' dir='ltr'><strong>ap.</strong></span> <span class='ocrx_word' id='word_1_95' title='bbox 1534 878 1655 921; x_wconf 80' lang='lat' dir='ltr'><strong>Hdn.</strong></span> <span class='ocrx_word' id='word_1_96' title='bbox 1687 878 1766 919; x_wconf 94' lang='lat' dir='ltr'><strong>III</strong></span> <span class='ocrx_word' id='word_1_97' title='bbox 1812 879 1849 930; x_wconf 87' lang='lat'><strong>1,</strong></span> <span class='ocrx_word' id='word_1_98' title='bbox 1900 881 1940 920; x_wconf 89' lang='lat'><strong>6.</strong></span> 
     </span>
     <span class='ocr_line' id='line_1_10' title="bbox 205 943 1942 1004; baseline 0.002 -16"><span class='ocrx_word' id='word_1_99' title='bbox 205 943 382 988; x_wconf 80' lang='lat' dir='ltr'>Contra</span> <span class='ocrx_word' id='word_1_100' title='bbox 416 944 472 989; x_wconf 87' lang='lat' dir='ltr'><strong>cf.</strong></span> <span class='ocrx_word' id='word_1_101' title='bbox 507 944 627 989; x_wconf 88' lang='lat' dir='ltr'><strong>Plat.</strong></span> <span class='ocrx_word' id='word_1_102' title='bbox 660 944 797 1004; x_wconf 91' lang='lat' dir='ltr'><strong>Hipp.</strong></span> <span class='ocrx_word' id='word_1_103' title='bbox 833 945 937 990; x_wconf 87' lang='lat' dir='ltr'><strong>mai.</strong></span> <span class='ocrx_word' id='word_1_104' title='bbox 971 945 1055 990; x_wconf 80' lang='lat'><strong>292</strong></span> <span class='ocrx_word' id='word_1_105' title='bbox 1086 945 1152 1003; x_wconf 81' lang='grc' dir='ltr'><strong>Β,</strong></span> <span class='ocrx_word' id='word_1_106' title='bbox 1184 945 1332 990; x_wconf 88' lang='lat' dir='ltr'><strong>Arist.</strong></span> <span class='ocrx_word' id='word_1_107' title='bbox 1364 947 1417 1002; x_wconf 81' lang='grc' dir='ltr'><strong>μδ</strong></span> <span class='ocrx_word' id='word_1_108' title='bbox 1448 946 1487 990; x_wconf 86' lang='grc'><strong>6.</strong></span> <span class='ocrx_word' id='word_1_109' title='bbox 1521 945 1640 990; x_wconf 62' lang='lat'><strong>3831&gt;</strong></span> <span class='ocrx_word' id='word_1_110' title='bbox 1677 946 1753 1003; x_wconf 81' lang='lat'><strong>123</strong></span> <span class='ocrx_word' id='word_1_111' title='bbox 1786 944 1942 991; x_wconf 79' lang='lat' dir='ltr'><strong>Strab.</strong></span> 
     </span>
     <span class='ocr_line' id='line_1_11' title="bbox 207 1014 465 1071; baseline 0 -16"><span class='ocrx_word' id='word_1_112' title='bbox 207 1014 262 1057; x_wconf 90' lang='grc'><strong>10</strong></span> <span class='ocrx_word' id='word_1_113' title='bbox 291 1029 333 1071; x_wconf 92' lang='lat' dir='ltr'><strong>p.</strong></span> <span class='ocrx_word' id='word_1_114' title='bbox 366 1015 465 1057; x_wconf 88' lang='grc'><strong>488.</strong></span> 
     </span>
    </p>

    <p class='ocr_par' dir='ltr' id='par_1_6' title="bbox 339 1076 1936 1143">
     <span class='ocr_line' id='line_1_12' title="bbox 339 1076 1936 1143; baseline 0.001 -17"><span class='ocrx_word' id='word_1_115' title='bbox 339 1076 656 1140; x_wconf 78' lang='grc' dir='ltr'>Ὕποκαθίστημι</span> <span class='ocrx_word' id='word_1_116' title='bbox 697 1099 767 1143; x_wconf 89' lang='lat' dir='ltr'><strong>ap.</strong></span> <span class='ocrx_word' id='word_1_117' title='bbox 802 1083 965 1129; x_wconf 82' lang='lat' dir='ltr'><strong>Galen.</strong></span> <span class='ocrx_word' id='word_1_118' title='bbox 1014 1089 1049 1129; x_wconf 87' lang='lat' dir='ltr'><strong>t.</strong></span> <span class='ocrx_word' id='word_1_119' title='bbox 1081 1082 1199 1127; x_wconf 92' lang='lat' dir='ltr'><strong>XIX</strong></span> <span class='ocrx_word' id='word_1_120' title='bbox 1248 1100 1290 1142; x_wconf 88' lang='lat' dir='ltr'><strong>p.</strong></span> <span class='ocrx_word' id='word_1_121' title='bbox 1323 1084 1420 1136; x_wconf 80' lang='lat'>605,</span> <span class='ocrx_word' id='word_1_122' title='bbox 1454 1084 1504 1141; x_wconf 82' lang='lat'><strong>&#39;73</strong></span> <span class='ocrx_word' id='word_1_123' title='bbox 1551 1084 1662 1128; x_wconf 87' lang='lat' dir='ltr'><strong>item</strong></span> <span class='ocrx_word' id='word_1_124' title='bbox 1709 1099 1779 1143; x_wconf 87' lang='lat' dir='ltr'><strong>ap.</strong></span> <span class='ocrx_word' id='word_1_125' title='bbox 1814 1084 1936 1128; x_wconf 88' lang='lat' dir='ltr'><strong>Hdn.</strong></span> 
     </span>
    </p>
   </div>
   <div class='ocr_carea' id='block_1_3' title="bbox 196 1258 1938 2285">
    <p class='ocr_par' dir='ltr' id='par_1_7' title="bbox 200 1258 1938 1580">
     <span class='ocr_line' id='line_1_13' title="bbox 341 1258 1938 1317; baseline -0.001 -14"><span class='ocrx_word' id='word_1_126' title='bbox 341 1258 648 1303; x_wconf 87' lang='lat' dir='ltr'><strong>Locutionum</strong></span> <span class='ocrx_word' id='word_1_127' title='bbox 679 1259 883 1316; x_wconf 84' lang='lat' dir='ltr'><strong>vestigia</strong></span> <span class='ocrx_word' id='word_1_128' title='bbox 922 1259 1047 1317; x_wconf 88' lang='lat' dir='ltr'><strong>apud</strong></span> <span class='ocrx_word' id='word_1_129' title='bbox 1084 1260 1271 1303; x_wconf 88' lang='lat' dir='ltr'><strong>Atticos</strong></span> <span class='ocrx_word' id='word_1_130' title='bbox 1318 1263 1525 1302; x_wconf 88' lang='lat' dir='ltr'><strong>oratores</strong></span> <span class='ocrx_word' id='word_1_131' title='bbox 1568 1260 1644 1302; x_wconf 89' lang='lat' dir='ltr'><strong>vel</strong></span> <span class='ocrx_word' id='word_1_132' title='bbox 1684 1259 1938 1303; x_wconf 90' lang='lat' dir='ltr'><strong>usitatissi-</strong></span> 
     </span>
     <span class='ocr_line' id='line_1_14' title="bbox 203 1328 1936 1386; baseline 0 -15"><span class='ocrx_word' id='word_1_133' title='bbox 203 1343 380 1371; x_wconf 85' lang='lat' dir='ltr'><strong>marum</strong></span> <span class='ocrx_word' id='word_1_134' title='bbox 426 1330 660 1372; x_wconf 82' lang='lat' dir='ltr'><strong>rarissime</strong></span> <span class='ocrx_word' id='word_1_135' title='bbox 681 1332 726 1384; x_wconf 91' lang='lat'><strong>1),</strong></span> <span class='ocrx_word' id='word_1_136' title='bbox 765 1345 821 1372; x_wconf 93' lang='lat' dir='ltr'><strong>ne</strong></span> <span class='ocrx_word' id='word_1_137' title='bbox 866 1329 1015 1378; x_wconf 86' lang='lat' dir='ltr'><strong>dicam</strong></span> <span class='ocrx_word' id='word_1_138' title='bbox 1058 1343 1312 1386; x_wconf 87' lang='lat' dir='ltr'><strong>nunquam,</strong></span> <span class='ocrx_word' id='word_1_139' title='bbox 1360 1328 1408 1370; x_wconf 93' lang='lat' dir='ltr'><strong>in</strong></span> <span class='ocrx_word' id='word_1_140' title='bbox 1458 1328 1590 1371; x_wconf 89' lang='lat' dir='ltr'><strong>libris</strong></span> <span class='ocrx_word' id='word_1_141' title='bbox 1629 1328 1936 1372; x_wconf 86' lang='lat' dir='ltr'><strong>Herodianeis</strong></span> 
     </span>
     <span class='ocr_line' id='line_1_15' title="bbox 202 1397 1931 1456; baseline -0.001 -15"><span class='ocrx_word' id='word_1_142' title='bbox 202 1397 483 1456; x_wconf 82' lang='lat' dir='ltr'><strong>deprehendi</strong></span> <span class='ocrx_word' id='word_1_143' title='bbox 515 1414 565 1442; x_wconf 92' lang='lat' dir='ltr'><strong>eo</strong></span> <span class='ocrx_word' id='word_1_144' title='bbox 598 1398 748 1442; x_wconf 89' lang='lat' dir='ltr'><strong>minus</strong></span> <span class='ocrx_word' id='word_1_145' title='bbox 781 1398 945 1441; x_wconf 90' lang='lat' dir='ltr'><strong>mirum</strong></span> <span class='ocrx_word' id='word_1_146' title='bbox 979 1412 1077 1441; x_wconf 89' lang='lat' dir='ltr'><strong>esse</strong></span> <span class='ocrx_word' id='word_1_147' title='bbox 1109 1398 1319 1450; x_wconf 76' lang='lat' dir='ltr'><strong>arbitror,</strong></span> <span class='ocrx_word' id='word_1_148' title='bbox 1355 1397 1486 1456; x_wconf 88' lang='lat' dir='ltr'><strong>quod,</strong></span> <span class='ocrx_word' id='word_1_149' title='bbox 1519 1397 1809 1455; x_wconf 89' lang='lat' dir='ltr'><strong>quamobrem</strong></span> <span class='ocrx_word' id='word_1_150' title='bbox 1840 1397 1931 1441; x_wconf 87' lang='lat' dir='ltr'><strong>He-</strong></span> 
     </span>
     <span class='ocr_line' id='line_1_16' title="bbox 200 1467 1930 1521; baseline 0.001 -12"><span class='ocrx_word' id='word_1_151' title='bbox 200 1467 420 1510; x_wconf 86' lang='lat' dir='ltr'><strong>rodianus</strong></span> <span class='ocrx_word' id='word_1_152' title='bbox 468 1468 808 1511; x_wconf 74' lang='lat' dir='ltr'><strong>intentiore</strong></span> <span class='ocrx_word' id='word_1_153' title='bbox 862 1468 1015 1510; x_wconf 89' lang='lat' dir='ltr'><strong>studio</strong></span> <span class='ocrx_word' id='word_1_154' title='bbox 1056 1468 1105 1509; x_wconf 92' lang='lat' dir='ltr'><strong>in</strong></span> <span class='ocrx_word' id='word_1_155' title='bbox 1165 1468 1350 1510; x_wconf 84' lang='lat' dir='ltr'><strong>illorum</strong></span> <span class='ocrx_word' id='word_1_156' title='bbox 1402 1468 1587 1510; x_wconf 81' lang='lat' dir='ltr'><strong>litteras</strong></span> <span class='ocrx_word' id='word_1_157' title='bbox 1632 1468 1930 1521; x_wconf 85' lang='lat' dir='ltr'><strong>incumberet,</strong></span> 
     </span>
     <span class='ocr_line' id='line_1_17' title="bbox 202 1536 912 1580; baseline 0 -1"><span class='ocrx_word' id='word_1_158' title='bbox 202 1551 344 1580; x_wconf 86' lang='lat' dir='ltr'><strong>causa</strong></span> <span class='ocrx_word' id='word_1_159' title='bbox 374 1536 519 1580; x_wconf 80' lang='lat' dir='ltr'><strong>fuisse</strong></span> <span class='ocrx_word' id='word_1_160' title='bbox 551 1537 738 1580; x_wconf 89' lang='lat' dir='ltr'><strong>videtur</strong></span> <span class='ocrx_word' id='word_1_161' title='bbox 769 1537 912 1580; x_wconf 86' lang='lat' dir='ltr'><strong>nulla.</strong></span> 
     </span>
    </p>

    <p class='ocr_par' dir='ltr' id='par_1_8' title="bbox 196 1605 1934 2145">
     <span class='ocr_line' id='line_1_18' title="bbox 339 1605 1933 1662; baseline 0 -15"><span class='ocrx_word' id='word_1_162' title='bbox 339 1605 453 1648; x_wconf 89' lang='lat' dir='ltr'><strong>Cum</strong></span> <span class='ocrx_word' id='word_1_163' title='bbox 476 1605 595 1648; x_wconf 90' lang='lat' dir='ltr'><strong>enim</strong></span> <span class='ocrx_word' id='word_1_164' title='bbox 626 1606 731 1648; x_wconf 89' lang='lat' dir='ltr'><strong>inde</strong></span> <span class='ocrx_word' id='word_1_165' title='bbox 751 1606 806 1648; x_wconf 91' lang='lat' dir='ltr'><strong>ab</strong></span> <span class='ocrx_word' id='word_1_166' title='bbox 830 1605 1147 1648; x_wconf 81' lang='lat' dir='ltr'><strong>adulescentia</strong></span> <span class='ocrx_word' id='word_1_167' title='bbox 1178 1620 1261 1662; x_wconf 89' lang='lat' dir='ltr'><strong>per</strong></span> <span class='ocrx_word' id='word_1_168' title='bbox 1293 1606 1539 1662; x_wconf 86' lang='lat' dir='ltr'><strong>magistros</strong></span> <span class='ocrx_word' id='word_1_169' title='bbox 1572 1610 1619 1648; x_wconf 91' lang='lat' dir='ltr'><strong>et</strong></span> <span class='ocrx_word' id='word_1_170' title='bbox 1649 1610 1933 1662; x_wconf 86' lang='lat' dir='ltr'><strong>poetarum</strong></span> 
     </span>
     <span class='ocr_line' id='line_1_19' title="bbox 202 1674 1933 1733; baseline -0.001 -15"><span class='ocrx_word' id='word_1_171' title='bbox 202 1679 249 1719; x_wconf 90' lang='lat' dir='ltr'><strong>et</strong></span> <span class='ocrx_word' id='word_1_172' title='bbox 279 1675 726 1733; x_wconf 87' lang='lat' dir='ltr'><strong>philosophorum</strong></span> <span class='ocrx_word' id='word_1_173' title='bbox 759 1674 1048 1733; x_wconf 86' lang='lat' dir='ltr'><strong>quorundum</strong></span> <span class='ocrx_word' id='word_1_174' title='bbox 1064 1676 1099 1730; x_wconf 82' lang='grc'><strong>2)</strong></span> <span class='ocrx_word' id='word_1_175' title='bbox 1131 1675 1306 1718; x_wconf 90' lang='lat' dir='ltr'><strong>litteris</strong></span> <span class='ocrx_word' id='word_1_176' title='bbox 1337 1675 1553 1719; x_wconf 86' lang='lat' dir='ltr'><strong>initiatus</strong></span> <span class='ocrx_word' id='word_1_177' title='bbox 1595 1678 1742 1728; x_wconf 87' lang='lat' dir='ltr'><strong>esset,</strong></span> <span class='ocrx_word' id='word_1_178' title='bbox 1776 1678 1933 1717; x_wconf 87' lang='lat' dir='ltr'><strong>aetate</strong></span> 
     </span>
     <span class='ocr_line' id='line_1_20' title="bbox 200 1744 1931 1803; baseline 0 -15"><span class='ocrx_word' id='word_1_179' title='bbox 200 1748 355 1788; x_wconf 89' lang='lat' dir='ltr'><strong>autem</strong></span> <span class='ocrx_word' id='word_1_180' title='bbox 386 1745 660 1802; x_wconf 89' lang='lat' dir='ltr'><strong>provectior,</strong></span> <span class='ocrx_word' id='word_1_181' title='bbox 707 1749 772 1797; x_wconf 91' lang='lat' dir='ltr'><strong>ut,</strong></span> <span class='ocrx_word' id='word_1_182' title='bbox 816 1760 931 1803; x_wconf 87' lang='lat' dir='ltr'><strong>quae</strong></span> <span class='ocrx_word' id='word_1_183' title='bbox 973 1744 1061 1788; x_wconf 92' lang='lat' dir='ltr'><strong>sibi</strong></span> <span class='ocrx_word' id='word_1_184' title='bbox 1091 1749 1396 1802; x_wconf 85' lang='lat' dir='ltr'><strong>proposuerat</strong></span> <span class='ocrx_word' id='word_1_185' title='bbox 1436 1760 1508 1788; x_wconf 91' lang='lat' dir='ltr'><strong>res</strong></span> <span class='ocrx_word' id='word_1_186' title='bbox 1541 1744 1773 1788; x_wconf 85' lang='lat' dir='ltr'><strong>Romanas</strong></span> <span class='ocrx_word' id='word_1_187' title='bbox 1821 1745 1931 1788; x_wconf 90' lang='lat' dir='ltr'><strong>scri-</strong></span> 
     </span>
     <span class='ocr_line' id='line_1_21' title="bbox 197 1813 1934 1872; baseline 0 -16"><span class='ocrx_word' id='word_1_188' title='bbox 197 1820 381 1870; x_wconf 89' lang='lat' dir='ltr'><strong>pturus,</strong></span> <span class='ocrx_word' id='word_1_189' title='bbox 404 1818 744 1872; x_wconf 86' lang='lat' dir='ltr'><strong>assequeretur,</strong></span> <span class='ocrx_word' id='word_1_190' title='bbox 765 1818 921 1871; x_wconf 85' lang='lat' dir='ltr'><strong>utque,</strong></span> <span class='ocrx_word' id='word_1_191' title='bbox 954 1814 1001 1856; x_wconf 92' lang='lat' dir='ltr'><strong>id</strong></span> <span class='ocrx_word' id='word_1_192' title='bbox 1024 1814 1146 1871; x_wconf 91' lang='lat' dir='ltr'><strong>quod</strong></span> <span class='ocrx_word' id='word_1_193' title='bbox 1171 1813 1473 1856; x_wconf 87' lang='lat' dir='ltr'><strong>eruditissimi</strong></span> <span class='ocrx_word' id='word_1_194' title='bbox 1495 1813 1717 1871; x_wconf 85' lang='lat' dir='ltr'><strong>cuiusque</strong></span> <span class='ocrx_word' id='word_1_195' title='bbox 1750 1814 1934 1856; x_wconf 89' lang='lat' dir='ltr'><strong>etiam·</strong></span> 
     </span>
     <span class='ocr_line' id='line_1_22' title="bbox 196 1882 1930 1940; baseline 0 -14"><span class='ocrx_word' id='word_1_196' title='bbox 196 1898 348 1926; x_wconf 91' lang='lat' dir='ltr'><strong>nunc</strong></span> <span class='ocrx_word' id='word_1_197' title='bbox 383 1884 591 1934; x_wconf 89' lang='lat' dir='ltr'><strong>interest,</strong></span> <span class='ocrx_word' id='word_1_198' title='bbox 630 1882 833 1940; x_wconf 90' lang='lat' dir='ltr'><strong>corporis</strong></span> <span class='ocrx_word' id='word_1_199' title='bbox 875 1883 1066 1926; x_wconf 87' lang='lat' dir='ltr'><strong>humani</strong></span> <span class='ocrx_word' id='word_1_200' title='bbox 1096 1886 1312 1925; x_wconf 88' lang='lat' dir='ltr'><strong>naturam</strong></span> <span class='ocrx_word' id='word_1_201' title='bbox 1344 1882 1531 1940; x_wconf 91' lang='lat' dir='ltr'><strong>penitus</strong></span> <span class='ocrx_word' id='word_1_202' title='bbox 1579 1887 1876 1938; x_wconf 88' lang='lat' dir='ltr'><strong>cognosceret</strong></span> <span class='ocrx_word' id='word_1_203' title='bbox 1891 1883 1930 1936; x_wconf 81' lang='grc'><strong>3)</strong></span> 
     </span>
     <span class='ocr_line' id='line_1_23' title="bbox 200 1951 1930 2009; baseline 0.001 -16"><span class='ocrx_word' id='word_1_204' title='bbox 200 1956 340 2009; x_wconf 87' lang='lat' dir='ltr'><strong>atque</strong></span> <span class='ocrx_word' id='word_1_205' title='bbox 374 1957 499 1995; x_wconf 88' lang='lat' dir='ltr'><strong>recte</strong></span> <span class='ocrx_word' id='word_1_206' title='bbox 533 1953 792 1994; x_wconf 88' lang='lat' dir='ltr'><strong>consuleret</strong></span> <span class='ocrx_word' id='word_1_207' title='bbox 821 1952 1093 2004; x_wconf 87' lang='lat' dir='ltr'><strong>valetudini,</strong></span> <span class='ocrx_word' id='word_1_208' title='bbox 1142 1953 1189 1994; x_wconf 92' lang='lat' dir='ltr'><strong>in</strong></span> <span class='ocrx_word' id='word_1_209' title='bbox 1230 1951 1500 1994; x_wconf 90' lang='lat' dir='ltr'><strong>lectitandis</strong></span> <span class='ocrx_word' id='word_1_210' title='bbox 1548 1955 1594 1994; x_wconf 92' lang='lat' dir='ltr'><strong>et</strong></span> <span class='ocrx_word' id='word_1_211' title='bbox 1641 1951 1930 1995; x_wconf 88' lang='lat' dir='ltr'><strong>historicis</strong></span> 
     </span>
     <span class='ocr_line' id='line_1_24' title="bbox 201 2018 1932 2078; baseline 0 -15"><span class='ocrx_word' id='word_1_212' title='bbox 201 2020 506 2078; x_wconf 85' lang='lat' dir='ltr'><strong>scriptoribus</strong></span> <span class='ocrx_word' id='word_1_213' title='bbox 530 2024 577 2063; x_wconf 90' lang='lat' dir='ltr'><strong>et</strong></span> <span class='ocrx_word' id='word_1_214' title='bbox 608 2019 834 2063; x_wconf 87' lang='lat' dir='ltr'><strong>medicis</strong></span> <span class='ocrx_word' id='word_1_215' title='bbox 866 2035 1078 2077; x_wconf 87' lang='lat' dir='ltr'><strong>magnam</strong></span> <span class='ocrx_word' id='word_1_216' title='bbox 1100 2018 1285 2078; x_wconf 88' lang='lat' dir='ltr'><strong>operam</strong></span> <span class='ocrx_word' id='word_1_217' title='bbox 1305 2020 1640 2073; x_wconf 87' lang='lat' dir='ltr'><strong>collocavisset‚</strong></span> <span class='ocrx_word' id='word_1_218' title='bbox 1664 2020 1932 2064; x_wconf 90' lang='lat' dir='ltr'><strong>Atticorum</strong></span> 
     </span>
     <span class='ocr_line' id='line_1_25' title="bbox 202 2090 1931 2145; baseline 0.001 -12"><span class='ocrx_word' id='word_1_219' title='bbox 202 2094 453 2134; x_wconf 88' lang='lat' dir='ltr'><strong>oratores</strong></span> <span class='ocrx_word' id='word_1_220' title='bbox 475 2090 650 2133; x_wconf 88' lang='lat' dir='ltr'><strong>otiosus</strong></span> <span class='ocrx_word' id='word_1_221' title='bbox 686 2090 956 2145; x_wconf 83' lang='lat' dir='ltr'><strong>interdum4)</strong></span> <span class='ocrx_word' id='word_1_222' title='bbox 979 2090 1037 2132; x_wconf 90' lang='lat' dir='ltr'><strong>ad</strong></span> <span class='ocrx_word' id='word_1_223' title='bbox 1079 2090 1217 2133; x_wconf 87' lang='lat' dir='ltr'><strong>horas</strong></span> <span class='ocrx_word' id='word_1_224' title='bbox 1256 2090 1487 2133; x_wconf 86' lang='lat' dir='ltr'><strong>fallendas</strong></span> <span class='ocrx_word' id='word_1_225' title='bbox 1525 2090 1692 2145; x_wconf 85' lang='lat' dir='ltr'><strong>legisse</strong></span> <span class='ocrx_word' id='word_1_226' title='bbox 1731 2091 1931 2134; x_wconf 89' lang='lat' dir='ltr'><strong>videtur.</strong></span> 
     </span>
    </p>

    <p class='ocr_par' dir='ltr' id='par_1_9' title="bbox 203 2159 1927 2285">
     <span class='ocr_line' id='line_1_26' title="bbox 339 2159 1927 2217; baseline 0 -15"><span class='ocrx_word' id='word_1_227' title='bbox 339 2159 581 2217; x_wconf 83' lang='lat' dir='ltr'><strong>Utcunque</strong></span> <span class='ocrx_word' id='word_1_228' title='bbox 613 2163 767 2202; x_wconf 88' lang='lat' dir='ltr'><strong>autem</strong></span> <span class='ocrx_word' id='word_1_229' title='bbox 798 2174 872 2202; x_wconf 88' lang='lat' dir='ltr'><strong>res</strong></span> <span class='ocrx_word' id='word_1_230' title='bbox 904 2174 952 2202; x_wconf 84' lang='lat' dir='ltr'><strong>se</strong></span> <span class='ocrx_word' id='word_1_231' title='bbox 984 2160 1134 2212; x_wconf 85' lang='lat' dir='ltr'><strong>habet,</strong></span> <span class='ocrx_word' id='word_1_232' title='bbox 1182 2159 1497 2202; x_wconf 87' lang='lat' dir='ltr'><strong>Herodianum</strong></span> <span class='ocrx_word' id='word_1_233' title='bbox 1539 2159 1619 2202; x_wconf 91' lang='lat' dir='ltr'><strong>hos</strong></span> <span class='ocrx_word' id='word_1_234' title='bbox 1658 2160 1809 2202; x_wconf 90' lang='lat' dir='ltr'><strong>minus</strong></span> <span class='ocrx_word' id='word_1_235' title='bbox 1851 2160 1927 2202; x_wconf 87' lang='lat' dir='ltr'><strong>ad-</strong></span> 
     </span>
     <span class='ocr_line' id='line_1_27' title="bbox 203 2228 1190 2285; baseline -0.001 -15"><span class='ocrx_word' id='word_1_236' title='bbox 203 2228 433 2271; x_wconf 87' lang='lat' dir='ltr'><strong>amavisse</strong></span> <span class='ocrx_word' id='word_1_237' title='bbox 466 2242 601 2285; x_wconf 87' lang='lat' dir='ltr'><strong>quam</strong></span> <span class='ocrx_word' id='word_1_238' title='bbox 633 2228 738 2271; x_wconf 90' lang='lat' dir='ltr'><strong>illos</strong></span> <span class='ocrx_word' id='word_1_239' title='bbox 770 2229 873 2271; x_wconf 88' lang='lat' dir='ltr'><strong>luce</strong></span> <span class='ocrx_word' id='word_1_240' title='bbox 904 2228 1075 2270; x_wconf 84' lang='lat' dir='ltr'><strong>clarius</strong></span> <span class='ocrx_word' id='word_1_241' title='bbox 1108 2232 1190 2270; x_wconf 85' lang='lat' dir='ltr'><strong>est.</strong></span> 
     </span>
    </p>
   </div>
   <div class='ocr_carea' id='block_1_4' title="bbox 202 2322 479 2327">
    <p class='ocr_par' dir='ltr' id='par_1_10' title="bbox 202 2322 479 2327">
     <span class='ocr_line' id='line_1_28' title="bbox 202 2322 479 2327; baseline 0 0"><span class='ocrx_word' id='word_1_242' title='bbox 202 2322 479 2327; x_wconf 95' lang='lat' dir='ltr'><strong> </strong></span> 
     </span>
    </p>
   </div>
   <div class='ocr_carea' id='block_1_5' title="bbox 334 2366 1939 2469">
    <p class='ocr_par' dir='ltr' id='par_1_11' title="bbox 334 2366 1939 2469">
     <span class='ocr_line' id='line_1_29' title="bbox 338 2366 783 2410; baseline 0 -10"><span class='ocrx_word' id='word_1_243' title='bbox 338 2366 367 2410; x_wconf 87' lang='lat'><strong>1)</strong></span> <span class='ocrx_word' id='word_1_244' title='bbox 393 2367 445 2400; x_wconf 88' lang='lat' dir='ltr'><strong>Cf.</strong></span> <span class='ocrx_word' id='word_1_245' title='bbox 470 2366 646 2401; x_wconf 72' lang='lat' dir='ltr'><strong>Poblockc&#39;</strong></span> <span class='ocrx_word' id='word_1_246' title='bbox 667 2378 700 2410; x_wconf 90' lang='lat' dir='ltr'><strong>p.</strong></span> <span class='ocrx_word' id='word_1_247' title='bbox 727 2368 783 2404; x_wconf 79' lang='lat'><strong>29.</strong></span> 
     </span>
     <span class='ocr_line' id='line_1_30' title="bbox 334 2422 1939 2469; baseline -0.002 -10"><span class='ocrx_word' id='word_1_248' title='bbox 334 2424 364 2469; x_wconf 85' lang='lat'><strong>2)</strong></span> <span class='ocrx_word' id='word_1_249' title='bbox 389 2425 441 2459; x_wconf 84' lang='lat' dir='ltr'><strong>cf.</strong></span> <span class='ocrx_word' id='word_1_250' title='bbox 468 2424 632 2460; x_wconf 77' lang='lat' dir='ltr'><strong>Cramer.-</strong></span> <span class='ocrx_word' id='word_1_251' title='bbox 657 2425 872 2459; x_wconf 84' lang='lat' dir='ltr'><strong>Geschichte</strong></span> <span class='ocrx_word' id='word_1_252' title='bbox 898 2423 961 2457; x_wconf 88' lang='lat' dir='ltr'><strong>der</strong></span> <span class='ocrx_word' id='word_1_253' title='bbox 974 2423 1179 2465; x_wconf 86' lang='lat' dir='ltr'><strong>Erziehung</strong></span> <span class='ocrx_word' id='word_1_254' title='bbox 1205 2422 1276 2456; x_wconf 88' lang='lat' dir='ltr'><strong>und</strong></span> <span class='ocrx_word' id='word_1_255' title='bbox 1304 2423 1366 2456; x_wconf 76' lang='lat' dir='ltr'><strong>des</strong></span> <span class='ocrx_word' id='word_1_256' title='bbox 1382 2423 1611 2457; x_wconf 86' lang='lat' dir='ltr'><strong>Unterrichts</strong></span> <span class='ocrx_word' id='word_1_257' title='bbox 1637 2424 1686 2457; x_wconf 90' lang='lat' dir='ltr'><strong>im</strong></span> <span class='ocrx_word' id='word_1_258' title='bbox 1704 2424 1939 2465; x_wconf 80' lang='lat' dir='ltr'><strong>Altertume3.</strong></span> 
     </span>
    </p>
   </div>
   <div class='ocr_carea' id='block_1_6' title="bbox 195 2480 1932 2875">
    <p class='ocr_par' dir='ltr' id='par_1_12' title="bbox 196 2480 1928 2641">
     <span class='ocr_line' id='line_1_31' title="bbox 196 2480 1928 2530; baseline -0.002 -12"><span class='ocrx_word' id='word_1_259' title='bbox 196 2483 322 2519; x_wconf 67' lang='lat' dir='ltr'><strong>Rz’etz:</strong></span> <span class='ocrx_word' id='word_1_260' title='bbox 345 2485 396 2517; x_wconf 88' lang='lat' dir='ltr'><strong>De</strong></span> <span class='ocrx_word' id='word_1_261' title='bbox 421 2494 609 2530; x_wconf 83' lang='lat' dir='ltr'><strong>puerorum</strong></span> <span class='ocrx_word' id='word_1_262' title='bbox 635 2483 844 2516; x_wconf 83' lang='lat' dir='ltr'><strong>educatione</strong></span> <span class='ocrx_word' id='word_1_263' title='bbox 869 2482 962 2525; x_wconf 90' lang='lat' dir='ltr'><strong>apud</strong></span> <span class='ocrx_word' id='word_1_264' title='bbox 977 2484 1148 2522; x_wconf 87' lang='lat' dir='ltr'><strong>Graecos;</strong></span> <span class='ocrx_word' id='word_1_265' title='bbox 1176 2481 1221 2515; x_wconf 85' lang='lat' dir='ltr'><strong>cf.</strong></span> <span class='ocrx_word' id='word_1_266' title='bbox 1237 2482 1344 2514; x_wconf 86' lang='lat' dir='ltr'><strong>etiam</strong></span> <span class='ocrx_word' id='word_1_267' title='bbox 1364 2480 1610 2526; x_wconf 72' lang='lat' dir='ltr'><strong>Grasberqer:</strong></span> <span class='ocrx_word' id='word_1_268' title='bbox 1634 2482 1840 2524; x_wconf 89' lang='lat' dir='ltr'><strong>Erziehung</strong></span> <span class='ocrx_word' id='word_1_269' title='bbox 1858 2483 1928 2515; x_wconf 83' lang='lat' dir='ltr'><strong>und</strong></span> 
     </span>
     <span class='ocr_line' id='line_1_32' title="bbox 196 2538 1928 2584; baseline -0.002 -8"><span class='ocrx_word' id='word_1_270' title='bbox 196 2542 406 2576; x_wconf 84' lang='lat' dir='ltr'><strong>Unterricht-</strong></span> <span class='ocrx_word' id='word_1_271' title='bbox 432 2542 480 2575; x_wconf 91' lang='lat' dir='ltr'><strong>im</strong></span> <span class='ocrx_word' id='word_1_272' title='bbox 499 2541 721 2575; x_wconf 82' lang='lat' dir='ltr'><strong>klassisehen</strong></span> <span class='ocrx_word' id='word_1_273' title='bbox 745 2541 944 2582; x_wconf 84' lang='lat' dir='ltr'><strong>Altertum;</strong></span> <span class='ocrx_word' id='word_1_274' title='bbox 970 2541 1057 2573; x_wconf 88' lang='lat' dir='ltr'><strong>item</strong></span> <span class='ocrx_word' id='word_1_275' title='bbox 1082 2539 1152 2573; x_wconf 85' lang='lat' dir='ltr'><strong>vid.</strong></span> <span class='ocrx_word' id='word_1_276' title='bbox 1176 2538 1446 2573; x_wconf 72' lang='lat' dir='ltr'><strong>Friedldnder:</strong></span> <span class='ocrx_word' id='word_1_277' title='bbox 1470 2540 1748 2581; x_wconf 81' lang='lat' dir='ltr'><strong>Darstelluugen</strong></span> <span class='ocrx_word' id='word_1_278' title='bbox 1774 2550 1838 2584; x_wconf 74' lang='lat' dir='ltr'><strong>ans</strong></span> <span class='ocrx_word' id='word_1_279' title='bbox 1862 2539 1928 2572; x_wconf 88' lang='lat' dir='ltr'><strong>der</strong></span> 
     </span>
     <span class='ocr_line' id='line_1_33' title="bbox 196 2598 1196 2641; baseline -0.003 -8"><span class='ocrx_word' id='word_1_280' title='bbox 196 2599 528 2641; x_wconf 86' lang='lat' dir='ltr'><strong>Sittengeschichte</strong></span> <span class='ocrx_word' id='word_1_281' title='bbox 554 2600 662 2632; x_wconf 83' lang='lat' dir='ltr'><strong>Roms</strong></span> <span class='ocrx_word' id='word_1_282' title='bbox 696 2602 781 2632; x_wconf 89' lang='lat' dir='ltr'><strong>tom.</strong></span> <span class='ocrx_word' id='word_1_283' title='bbox 806 2598 864 2631; x_wconf 91' lang='lat'><strong>111</strong></span> <span class='ocrx_word' id='word_1_284' title='bbox 889 2601 982 2641; x_wconf 84' lang='lat' dir='ltr'><strong>part.</strong></span> <span class='ocrx_word' id='word_1_285' title='bbox 1010 2598 1067 2630; x_wconf 92' lang='lat' dir='ltr'><strong>III</strong></span> <span class='ocrx_word' id='word_1_286' title='bbox 1093 2601 1130 2631; x_wconf 86' lang='lat' dir='ltr'><strong>et</strong></span> <span class='ocrx_word' id='word_1_287' title='bbox 1155 2598 1196 2630; x_wconf 93' lang='lat' dir='ltr'><strong>V.</strong></span> 
     </span>
    </p>

    <p class='ocr_par' dir='ltr' id='par_1_13' title="bbox 195 2655 1932 2816">
     <span class='ocr_line' id='line_1_34' title="bbox 334 2655 1932 2702; baseline -0.003 -10"><span class='ocrx_word' id='word_1_288' title='bbox 334 2657 362 2702; x_wconf 83' lang='lat'><strong>3)</strong></span> <span class='ocrx_word' id='word_1_289' title='bbox 387 2659 566 2700; x_wconf 83' lang='lat' dir='ltr'><strong>Persaepe</strong></span> <span class='ocrx_word' id='word_1_290' title='bbox 592 2658 701 2690; x_wconf 82' lang='lat' dir='ltr'><strong>etiam</strong></span> <span class='ocrx_word' id='word_1_291' title='bbox 727 2667 779 2698; x_wconf 85' lang='lat' dir='ltr'><strong>ea,</strong></span> <span class='ocrx_word' id='word_1_292' title='bbox 807 2666 896 2699; x_wconf 84' lang='lat' dir='ltr'><strong>quae</strong></span> <span class='ocrx_word' id='word_1_293' title='bbox 922 2655 967 2689; x_wconf 87' lang='lat' dir='ltr'><strong>ad</strong></span> <span class='ocrx_word' id='word_1_294' title='bbox 990 2656 1258 2699; x_wconf 87' lang='lat' dir='ltr'><strong>philosophiam</strong></span> <span class='ocrx_word' id='word_1_295' title='bbox 1283 2655 1443 2697; x_wconf 86' lang='lat' dir='ltr'><strong>aliasque</strong></span> <span class='ocrx_word' id='word_1_296' title='bbox 1458 2656 1556 2688; x_wconf 84' lang='lat' dir='ltr'><strong>vitae</strong></span> <span class='ocrx_word' id='word_1_297' title='bbox 1582 2656 1755 2689; x_wconf 80' lang='lat' dir='ltr'><strong>humanae</strong></span> <span class='ocrx_word' id='word_1_298' title='bbox 1781 2665 1840 2688; x_wconf 88' lang='lat' dir='ltr'><strong>res</strong></span> <span class='ocrx_word' id='word_1_299' title='bbox 1854 2665 1932 2697; x_wconf 86' lang='lat' dir='ltr'><strong>per-</strong></span> 
     </span>
     <span class='ocr_line' id='line_1_35' title="bbox 195 2706 1931 2757; baseline -0.002 -8"><span class='ocrx_word' id='word_1_300' title='bbox 195 2717 325 2756; x_wconf 85' lang='lat' dir='ltr'><strong>tinent,</strong></span> <span class='ocrx_word' id='word_1_301' title='bbox 351 2727 372 2749; x_wconf 87' lang='lat' dir='ltr'><strong>a</strong></span> <span class='ocrx_word' id='word_1_302' title='bbox 397 2716 545 2749; x_wconf 83' lang='lat' dir='ltr'><strong>medicis</strong></span> <span class='ocrx_word' id='word_1_303' title='bbox 570 2716 736 2757; x_wconf 87' lang='lat' dir='ltr'><strong>exposita</strong></span> <span class='ocrx_word' id='word_1_304' title='bbox 761 2717 856 2756; x_wconf 81' lang='lat' dir='ltr'><strong>sunt,</strong></span> <span class='ocrx_word' id='word_1_305' title='bbox 881 2714 980 2746; x_wconf 82' lang='lat' dir='ltr'><strong>velut</strong></span> <span class='ocrx_word' id='word_1_306' title='bbox 1004 2714 1048 2746; x_wconf 79' lang='lat' dir='ltr'><strong>cf.</strong></span> <span class='ocrx_word' id='word_1_307' title='bbox 1064 2712 1109 2746; x_wconf 88' lang='lat' dir='ltr'><strong>L.</strong></span> <span class='ocrx_word' id='word_1_308' title='bbox 1123 2711 1304 2747; x_wconf 77' lang='lat' dir='ltr'><strong>Schmidt.-</strong></span> <span class='ocrx_word' id='word_1_309' title='bbox 1328 2713 1395 2745; x_wconf 90' lang='lat' dir='ltr'><strong>Die</strong></span> <span class='ocrx_word' id='word_1_310' title='bbox 1409 2713 1523 2745; x_wconf 84' lang='lat' dir='ltr'><strong>Ethik</strong></span> <span class='ocrx_word' id='word_1_311' title='bbox 1550 2713 1612 2745; x_wconf 84' lang='lat' dir='ltr'><strong>der</strong></span> <span class='ocrx_word' id='word_1_312' title='bbox 1637 2706 1735 2746; x_wconf 83' lang='lat' dir='ltr'><strong>alten</strong></span> <span class='ocrx_word' id='word_1_313' title='bbox 1750 2713 1931 2746; x_wconf 84' lang='lat' dir='ltr'><strong>Griechen</strong></span> 
     </span>
     <span class='ocr_line' id='line_1_36' title="bbox 196 2770 1528 2816; baseline -0.002 -9"><span class='ocrx_word' id='word_1_314' title='bbox 196 2776 223 2808; x_wconf 88' lang='lat' dir='ltr'><strong>t.</strong></span> <span class='ocrx_word' id='word_1_315' title='bbox 250 2774 286 2807; x_wconf 85' lang='lat'><strong>11</strong></span> <span class='ocrx_word' id='word_1_316' title='bbox 312 2785 345 2815; x_wconf 91' lang='lat' dir='ltr'><strong>p.</strong></span> <span class='ocrx_word' id='word_1_317' title='bbox 373 2774 458 2815; x_wconf 83' lang='lat'>191;</span> <span class='ocrx_word' id='word_1_318' title='bbox 485 2774 531 2807; x_wconf 87' lang='lat' dir='ltr'><strong>cf.</strong></span> <span class='ocrx_word' id='word_1_319' title='bbox 558 2774 667 2807; x_wconf 87' lang='lat' dir='ltr'><strong>etiam</strong></span> <span class='ocrx_word' id='word_1_320' title='bbox 692 2776 717 2806; x_wconf 90' lang='lat' dir='ltr'><strong>t.</strong></span> <span class='ocrx_word' id='word_1_321' title='bbox 745 2773 762 2805; x_wconf 89' lang='lat'>1</span> <span class='ocrx_word' id='word_1_322' title='bbox 786 2783 820 2816; x_wconf 88' lang='lat' dir='ltr'><strong>p.</strong></span> <span class='ocrx_word' id='word_1_323' title='bbox 849 2773 932 2814; x_wconf 83' lang='lat'><strong>132;</strong></span> <span class='ocrx_word' id='word_1_324' title='bbox 960 2770 1228 2805; x_wconf 77' lang='lat' dir='ltr'><strong>Friedlaender</strong></span> <span class='ocrx_word' id='word_1_325' title='bbox 1252 2772 1281 2803; x_wconf 90' lang='lat' dir='ltr'><strong>t.</strong></span> <span class='ocrx_word' id='word_1_326' title='bbox 1303 2771 1365 2804; x_wconf 84' lang='lat' dir='ltr'><strong>III</strong></span> <span class='ocrx_word' id='word_1_327' title='bbox 1390 2782 1422 2812; x_wconf 90' lang='lat' dir='ltr'><strong>p.</strong></span> <span class='ocrx_word' id='word_1_328' title='bbox 1448 2771 1528 2805; x_wconf 78' lang='lat'><strong>473.</strong></span> 
     </span>
    </p>

    <p class='ocr_par' dir='ltr' id='par_1_14' title="bbox 334 2829 1341 2875">
     <span class='ocr_line' id='line_1_37' title="bbox 334 2829 1341 2875; baseline -0.003 -10"><span class='ocrx_word' id='word_1_329' title='bbox 334 2831 361 2875; x_wconf 79' lang='lat'><strong>4)</strong></span> <span class='ocrx_word' id='word_1_330' title='bbox 388 2832 459 2864; x_wconf 79' lang='lat' dir='ltr'><strong>nisi</strong></span> <span class='ocrx_word' id='word_1_331' title='bbox 486 2832 580 2864; x_wconf 84' lang='lat' dir='ltr'><strong>forte</strong></span> <span class='ocrx_word' id='word_1_332' title='bbox 606 2831 731 2864; x_wconf 88' lang='lat' dir='ltr'><strong>horum</strong></span> <span class='ocrx_word' id='word_1_333' title='bbox 756 2831 895 2863; x_wconf 80' lang='lat' dir='ltr'><strong>assecla</strong></span> <span class='ocrx_word' id='word_1_334' title='bbox 920 2839 998 2863; x_wconf 82' lang='lat' dir='ltr'><strong>esse</strong></span> <span class='ocrx_word' id='word_1_335' title='bbox 1025 2829 1188 2862; x_wconf 86' lang='lat' dir='ltr'><strong>consulto</strong></span> <span class='ocrx_word' id='word_1_336' title='bbox 1215 2829 1341 2862; x_wconf 84' lang='lat' dir='ltr'><strong>noluit.</strong></span> 
     </span>
    </p>
   </div>
  </div>
 </body>
</html>
