2117 3478
1081 413 1176 457 A.

393 511 470 562 Ἐς
496 511 555 556 τὸ
588 510 754 570 ὄνομά
785 532 885 565 τινος
914 533 1062 572 ορκους
1093 514 1257 573 ὄμνόναι
1286 520 1337 562 [I
1366 521 1407 573 2,
1457 521 1522 563 10.
1571 521 1636 572 13,
1671 520 1725 562 12
1758 522 1830 562 est
1859 518 1995 570 idem,

256 584 381 643 quod
410 584 602 628 Latine:
636 584 692 628 in
725 602 923 630 nomen
954 587 1152 631 alicuius
1174 588 1329 631 iurare
1348 589 1480 632 velut
1512 604 1582 646 ap.
1602 589 1731 633 Suet.
1756 597 1804 632 et
1820 588 1997 631 Justin.

255 653 452 697 Initium
483 653 598 697 fecit
629 655 685 698 ab
719 656 1082 700 constructione:
1135 653 1302 712 ὅμνόναι
1333 657 1408 704 εἴς
1436 673 1547 699 τινα
1588 657 1712 700 Plut.
1746 657 1850 700 Oth.
1887 658 1941 699 18
1961 659 1992 712 ¹)

258 715 431 778 (ὀμνύειν
463 724 519 772 εἰς
547 721 613 765 τὸν
646 719 904 779 Οιῗιτέλλιον),
938 740 1048 769 sane
1073 725 1241 769 Latino
1274 742 1362 769 usu
1394 726 1573 769 ductus.
1607 726 1806 769 Maiores
1838 730 1996 769 autem

258 793 498 851 scripsisse
539 793 780 837 videntur:
830 793 952 850 ὅρκον
1002 794 1202 838 ποιὲῖσθαι
1237 796 1330 851 περί
1378 812 1480 844 τινος
1528 797 1603 838 vel
1646 793 1813 851 ὀμνύναι
1851 790 1883 851 ἦ
1923 796 1996 851 μὲν

256 863 426 906 ἔσεσθαί
455 880 489 905 τι
520 864 592 907 vel
621 864 718 907 tale
750 864 882 920 quid;
915 865 971 908 ef.
1005 865 1144 908 etiam
1175 865 1293 909 Xen.
1325 865 1456 922 Reip.
1490 865 1597 908 Lac.
1635 866 1701 917 15,
1734 868 1774 908 7.

393 942 480 987 ‘Yn‘
521 946 729 1008 ἐξουσίᾳῖ)
773 945 873 992 τινὸς
913 947 1012 988 εἶναι
1041 948 1093 988 II
1123 950 1161 999 7,
1205 950 1245 989 4.
1280 950 1318 999 9,
1360 949 1387 989 2
1429 949 1547 989 nihil
1588 948 1718 989 aliud
1765 951 1837 989 est
1877 948 1993 988 nisi:

258 1014 342 1057 sub
374 1014 562 1072 imperio
595 1015 796 1058 alicuius
829 1031 927 1058 esse
959 1016 1035 1071 (cf.
1068 1016 1253 1059 Terent.
1266 1018 1302 1072 3)
1335 1017 1507 1060 Heaut.
1539 1017 1579 1069 2,
1622 1017 1660 1068 2,
1692 1017 1754 1071 4).
1818 1016 1995 1059 Contra

258 1083 315 1127 cf.
357 1083 498 1128 Thuc.
544 1087 579 1138 1,
628 1085 683 1131 32
723 1083 842 1142 (εἶναι
881 1078 961 1128 ἆπό
998 1087 1102 1141 τινι),
1159 1086 1271 1129 item
1310 1086 1432 1130 Plat.
1479 1085 1609 1143 Reip.
1653 1086 1679 1128 9
1722 1101 1764 1143 p.
1808 1087 1895 1129 574
1934 1085 1992 1140 E;

256 1153 397 1196 Isocr.
428 1154 596 1211 Areop.
630 1155 707 1210 643
754 1155 844 1197 vid.
893 1155 1033 1198 etiam
1064 1155 1189 1198 Plut.
1232 1155 1344 1198 Mor.
1388 1171 1431 1211 p.
1472 1156 1502 1197 4
1531 1155 1598 1206 A;
1644 1155 1764 1197 Hdn.
1798 1154 1850 1197 II
1880 1157 1919 1206 4,
1953 1156 1991 1197 2.

257 1222 298 1277 8,
332 1223 358 1266 7
392 1227 476 1267 etc.

391 1302 461 1354 Ἐς
491 1301 663 1347 θάνατόν
695 1322 779 1348 τινα
811 1306 931 1348 αἰτεῖν
972 1307 997 1348 Ι
1035 1307 1096 1359 12,
1135 1308 1162 1348 5
1195 1311 1286 1349 est:
1341 1308 1538 1364 aliquem
1581 1307 1638 1348 ad
1680 1310 1873 1348 mortem
1919 1306 1993 1347 de-

256 1390 455 1433 poscere,
490 1374 622 1423 velut
654 1374 783 1419 Caes.
818 1375 868 1418 B.
903 1374 951 1419 C.
994 1377 1031 1429 3,
1067 1376 1171 1430 110,
1224 1375 1280 1419 cf.
1326 1375 1466 1419 etiam
1507 1375 1613 1419 Tac.
1647 1374 1818 1418 Annal.
1855 1376 1892 1425 1,
1926 1375 1994 1428 23,

257 1448 328 1490 et:
360 1442 461 1501 πρὸς
490 1441 666 1488 θάνατόν
697 1461 780 1488 τινα
811 1440 1010 1488 ἐκδιδόναι
1048 1444 1074 1488 Ι
1107 1445 1172 1498 13,
1221 1445 1247 1489 3
1288 1445 1521 1501 significat
1553 1444 1743 1489 Latine:
1792 1444 1993 1502 aliquem

256 1513 317 1557 ad
348 1513 627 1571 supplicium
659 1513 821 1557 dedere
853 1513 953 1557 Liv.
999 1514 1036 1567 1,
1078 1514 1117 1567 5,
1152 1513 1261 1557 dare
1294 1513 1387 1561 Cic.
1418 1513 1602 1558 Cluent.
1646 1515 1704 1557 64
1743 1518 1858 1558 extr.
1893 1515 1991 1558 vel:

255 1583 316 1626 ad
347 1586 538 1626 mortem
569 1582 678 1626 dare
710 1583 911 1641 aliquem
943 1587 998 1626 ut
1028 1597 1099 1641 ap.
1117 1582 1271 1627 Plaut.
1284 1583 1449 1641 Amph.
1483 1584 1522 1637 2,
1554 1585 1593 1637 2,
1626 1584 1696 1627 86.
1728 1583 1881 1627 Attici
1911 1598 1993 1640 pro

256 1652 328 1696 his
359 1651 672 1699 locutionibus
703 1651 871 1695 dixisse
903 1651 1144 1695 videntur:
1177 1648 1308 1701 ἀξιοῦν
1341 1648 1558 1695 ἀποθανεῖν
1590 1667 1684 1706 τινα,
1727 1647 1995 1713 παραδιδόναι

257 1720 339 1765 τινοὶ
375 1719 615 1776 ἀποκτεῖναι,
649 1725 827 1777 ζημιοῦν,
859 1719 1043 1772 κολάζειν
1074 1720 1158 1765 τινὰ
1189 1718 1353 1783 θανάτῳ
1385 1722 1519 1765 simil.
1570 1722 1683 1765 Alia
1713 1723 1833 1766 ratio
1865 1723 1994 1766 valet

259 1807 330 1850 ap.
365 1792 487 1837 Fiat.
519 1792 616 1835 1³01.
648 1791 782 1845 Vni,
816 1793 901 1835 566
933 1791 982 1835 c,

257 1978 366 2020 Soph.
392 1977 458 2011 OC.
486 1978 588 2019 950);
615 1974 721 2023 ψυχῆς
744 1973 823 2009 εἶναι
846 1975 1029 2022 ἐρρωμένης
1054 1977 1092 2009 II
1117 1977 1148 2016 3,
1178 1977 1194 2009 1
1227 1976 1287 2019 (cf.
1313 1976 1484 2010 Kuehner
1509 1978 1567 2010 Gr.
1595 1976 1614 2021 ξ
1639 1978 1709 2010 418
1722 1976 1779 2019 (ι),
1804 1975 1866 2010 κατ’
1896 1977 1994 2011 ἐκεῖνο

257 2037 372 2082 καιρου·
395 2035 413 2068 Ι
440 2034 492 2075 12,
521 2036 537 2068 1
567 2035 603 2067 et
630 2043 729 2077 saep.
755 2032 816 2076 (cf.
845 2033 954 2067 Thuc.
981 2034 1011 2074 7,
1038 2033 1081 2075 2;
1107 2033 1194 2067 item
1219 2032 1292 2068 vid.
1317 2032 1450 2077 Phryn.
1476 2034 1574 2077 Epit.
1600 2044 1633 2077 p.
1661 2033 1762 2079 279);
1793 2031 1864 2067 VII
1891 2035 1922 2076 9,
1953 2035 1994 2070 19

258 2094 290 2127 ἐν
315 2089 389 2137 ὄψει
412 2088 497 2130 τινός
521 2093 594 2134 (ap.
619 2093 695 2126 Pol.
723 2093 739 2124 1
767 2093 821 2131 27,
851 2093 892 2123 12
918 2092 978 2136 (cf.
1004 2091 1147 2124 dissert.
1171 2094 1301 2125 nostr.:
1341 2092 1413 2133 „De
1438 2093 1568 2134 Polybi
1605 2093 1828 2126 elocutione“
1856 2104 1888 2136 p.
1914 2094 1996 2138 22),

257 2153 344 2185 item
359 2163 415 2194 ap.
427 2152 519 2194 App.
531 2151 684 2183 Hannib.
703 2150 755 2188 18,
771 2150 841 2192 22).
866 2150 966 2182 Idem
994 2150 1091 2182 valet
1116 2149 1158 2182 de
1182 2152 1299 2194 πταῖμα
1317 2163 1361 2181 =
1379 2149 1531 2182 cadaver
1546 2150 1596 2183 lv
1613 2152 1663 2191 13,
1685 2154 1704 2185 7
1720 2154 1787 2186 etc.
1803 2164 1810 2193 ,
1836 2148 1997 2199 κουφότης

257 2224 303 2240 =
327 2211 459 2243 levitas
485 2212 522 2242 et
546 2211 667 2253 κοῦφος
691 2220 736 2239 --.
761 2208 852 2240 levis
877 2209 907 2241 V
933 2209 963 2248 7,
991 2209 1035 2249 8,
1070 2208 1121 2241 VI
1147 2209 1178 2248 7,
1205 2208 1226 2239 8
1261 2210 1297 2240 et
1330 2218 1448 2250 saep.;
1487 2204 1661 2254 ὑπέρτερος
1685 2222 1730 2240 =
1754 2211 1919 2252 superior
1943 2210 1996 2243 VI

258 2269 291 2309 6,
319 2268 360 2309 ὅ,
386 2264 550 2312 ἑκχεῗσθαι
572 2279 617 2298 =
644 2265 776 2300 effundi
801 2266 873 2300 VII
899 2267 929 2306 7,
956 2267 998 2308 2,
1025 2264 1173 2311 συμπνὲω
1198 2279 1244 2298 =
1269 2266 1435 2309 conspiro
1462 2266 1512 2300 IV
1539 2267 1592 2308 10,
1618 2267 1641 2299 4
1667 2268 1744 2307 etc„
1778 2279 1867 2310 quae
1893 2280 1995 2302 voca-

258 2326 344 2359 bula
371 2335 449 2358 cum
475 2324 803 2367 significationibus
837 2324 970 2357 additis
1004 2324 1194 2357 coniuncta
1230 2324 1341 2357 multo
1379 2324 1449 2357 iam
1487 2326 1570 2357 aute
1606 2324 1848 2359 Herodianum
1882 2327 1995 2370 legas.

256 2385 309 2418 De
334 2383 592 2417 locutionibus:
630 2377 669 2415 τὰ
693 2384 782 2415 νῶτα
806 2376 927 2415 διδόναι
952 2385 988 2415 et
1014 2376 1131 2428 ὀμόσαι
1153 2380 1186 2418 ἐς
1210 2382 1255 2416 cf.
1290 2382 1366 2414 har.
1393 2382 1574 2415 observat.
1613 2393 1667 2425 pp.
1696 2384 1739 2416 10
1765 2386 1802 2417 et
1826 2385 1861 2423 5,
1910 2386 1996 2419 Per-

256 2452 372 2486 pauca
397 2443 495 2474 recte
520 2440 670 2473 adnotat
691 2440 809 2472 velut:
835 2435 918 2486 τύχη
944 2438 1084 2484 πολέμου
1110 2440 1171 2471 III
1197 2441 1227 2479 7,
1257 2440 1290 2480 1,
1319 2440 1410 2472 VIII
1436 2440 1467 2479 3,
1494 2440 1515 2471 5
1559 2440 1619 2481 (cf.
1646 2442 1756 2473 etiam
1781 2442 1873 2474 VIII
1899 2444 1931 2483 5,
1962 2444 1995 2486 1)

259 2514 304 2534 τ..-
330 2500 418 2535 belli
441 2501 587 2534 fortuna
618 2499 718 2532 velut
748 2508 805 2541 ap.
840 2498 910 2532 Cic.
950 2499 1048 2532 Brut.
1084 2498 1112 2538 1,
1155 2498 1208 2532 10.
1257 2497 1392 2531 Contra
1424 2497 1468 2532 cf.
1496 2498 1606 2531 Thue.
1637 2499 1665 2539 1,
1708 2500 1774 2532 120
1805 2502 1842 2532 et
1875 2511 1995 2543 saep.;

259 2560 305 2594 cf.
332 2559 440 2593 etiam
464 2558 555 2591 Xen.
580 2557 681 2591 Mem.
712 2557 742 2599 1,
769 2557 801 2598 2,
829 2556 882 2591 63.

399 2618 426 2662 ¹)
452 2618 586 2650 Contra
611 2616 656 2649 cf.
681 2615 828 2649 Kettler
851 2625 884 2658 p.
912 2615 965 2647 37.

396 2677 425 2721 2)
451 2677 564 2709 Recte
590 2674 766 2709 Poblockz‘
788 2686 821 2717 p.
847 2675 893 2707 30
920 2674 1157 2707 locutionem:
1183 2673 1215 2706 ἐν
1241 2670 1370 2719 ἐξουσίᾳ
1394 2667 1477 2709 τινὸς
1502 2671 1582 2706 εἶναι
1608 2674 1666 2705 III
1692 2674 1724 2714 2,
1750 2676 1773 2707 4
1809 2675 1996 2709 intellexit

257 2735 515 2769 Latinismum:
554 2734 592 2768 in
631 2733 783 2767 alicuius
825 2731 983 2776 (dicione
1009 2731 1065 2775 ac)
1102 2732 1286 2775 potestate
1313 2741 1391 2764 esse
1429 2731 1532 2764 velut
1569 2741 1624 2774 ap.
1665 2731 1736 2765 Cic.
1776 2732 1870 2765 Phil.
1897 2733 1929 2773 6,
1956 2733 1997 2774 2,

260 2793 384 2834 Quint.
411 2793 432 2824 2
460 2794 496 2825 et
522 2802 631 2835 saep,
658 2791 789 2835 quippe
816 2799 893 2823 cum
919 2800 975 2833 ap.
1001 2790 1141 2823 Platon.
1172 2789 1271 2832 Reip.
1298 2789 1314 2821 1
1341 2798 1376 2831 p.
1403 2788 1470 2821 328
1496 2788 1521 2822 C
1551 2791 1588 2822 et
1614 2789 1658 2825 al.
1687 2787 1719 2822 ἐν
1745 2784 1878 2836 δυνάμει
1915 2788 1997 2824 εἶναι

259 2851 459 2893 significet:
495 2845 562 2884 οἷόν
586 2846 608 2883 τ’
636 2848 728 2890 εἶναι,
753 2844 920 2882 δύνασθαι.

396 2910 426 2951 3)
450 2908 501 2942 At
513 2907 757 2942 Herodianum
779 2902 830 2940 ὁπ’
851 2903 978 2952 ἐξουσίᾳ
1002 2901 1085 2942 τινὸς
1110 2903 1197 2946 εἶναι,
1211 2907 1251 2938 ut
1266 2905 1426 2948 exemplo
1443 2907 1534 2948 utar,
1559 2905 1777 2939 locutionem
1791 2916 1813 2939 a
1827 2906 1996 2941 Terentio

258 2969 411 3012 petiisse
445 2971 485 3001 ut
518 2966 733 3000 contendere
767 2967 887 3005 velim,
927 2975 1030 3008 quam
1064 2965 1101 2997 in
1126 2964 1253 2997 falsam
1286 2964 1490 3007 opinionem
1525 2964 1595 2996 alio
1634 2964 1785 2997 aliarum
1822 2963 1860 2997 id
1885 2973 1998 3006 genus

260 3027 509 3069 quaestionum
524 3036 680 3058 mearum
689 3026 767 3057 loco
782 3025 925 3056 venisse
947 3022 1134 3055 nonnullos
1149 3021 1261 3061 doleo,
1285 3024 1425 3053 tantum
1440 3022 1554 3062 abest,
1579 3024 1619 3053 ut
1633 3025 1761 3055 contra
1780 3023 1998 3055 locutionem

259 3084 382 3118 Latini
408 3084 582 3118 sermonis
607 3082 789 3126 propriam
816 3092 894 3115 esse
919 3080 986 3114 hoc
1010 3080 1088 3113 loco
1104 3079 1321 3113 Terentiano
1346 3079 1457 3113 allato
1475 3079 1724 3114 demonstrare
1748 3081 2001 3122 cogitaverim.
