2117 3478
935 280 1224 323 „27-

213 391 352 436 etiam
374 391 452 436 III
486 394 522 445 1,
548 394 593 446 ];
626 392 695 436 IV
718 395 755 448 1,
791 396 837 451 13
870 394 913 438 V
937 397 972 449 1,
999 396 1044 450 1)
1076 395 1371 449 desideraret,
1405 397 1546 440 verba
1576 394 1660 439 illa
1690 394 1785 448 (ΙΙΙ
1806 395 1871 448 15,
1897 395 1945 450 8)

213 461 407 515 addidit,
441 461 538 505 sive
570 466 625 505 ut
656 462 879 507 eiusmodi
909 464 1033 508 notis
1064 464 1198 509 velut
1221 464 1317 509 VII
1349 466 1415 520 12,
1448 466 1475 510 9
1496 467 1528 522 1)
1559 463 1804 509 memoriae
1836 477 1945 508 suae

212 531 529 576 adiumentum
561 533 750 578 afferret
761 535 810 591 2),
844 549 871 578 a
902 535 1103 579 librariis
1125 539 1363 595 tamquam
1393 536 1548 580 textui
1578 534 1765 593 propria
1794 538 1946 578 trans-

216 601 392 659 scripta
424 602 555 661 eique
585 602 762 647 inserta
794 619 891 648 esse
923 604 1218 648 manifestum
1253 609 1326 650 cst
1356 609 1495 664 atque
1526 607 1767 649 testatum.

356 671 471 716 Cum
502 676 657 716 autem
687 689 760 717 res
792 674 857 718 sic
889 690 989 719 sese
1010 675 1191 728 habeat,
1224 676 1579 719 existimandum
1611 679 1684 718 est
1715 678 1763 717 et
1791 674 1943 731 ipsum

211 740 453 783 librarium
483 746 692 784 nostrum
737 743 951 800 magistri
991 743 1264 787 elocutionis
1295 743 1614 787 Herodianeae
1656 741 1773 785 satis
1808 741 1944 798 gnari

211 809 365 860 verba,
398 809 563 867 quibus
593 810 666 854 hic
697 811 745 855 in
775 812 866 855 fine
888 812 1081 855 duorum
1111 812 1332 855 librorum
1352 815 1677 868 argumentum
1709 810 1796 853 sibi
1828 825 1943 853 com-

213 882 444 935 posuerat,
475 879 627 922 nescio
660 895 718 922 an
750 881 848 923 sine
882 880 985 924 dolo
1016 881 1136 923 malo
1168 881 1215 923 in
1246 884 1426 924 textum
1457 879 1844 936 transscripsisse.

357 945 475 990 VIII
504 946 545 999 4,
578 947 651 991 15:
686 944 793 991 ὥστε
823 945 917 998 τοὸς
946 944 1143 1005 θώρακας
1178 946 1324 998 advo&
1342 949 1657 1004 πεπυρωμένους
1688 945 1941 1003 ἀπορρίπτειν

210 1015 277 1058 καὶ
316 1014 365 1058 τὰ
407 1016 525 1059 λοιποὶ
570 1014 690 1060 ὅπλα.
754 1017 867 1062 Cum
910 1034 981 1077 ap.
1034 1019 1349 1063 Herodianum
1399 1019 1529 1061 nullo
1586 1018 1685 1062 loco
1733 1018 1941 1074 legamus

210 1082 331 1140 ὥστε,
365 1086 445 1130 sed
475 1087 682 1132 omnibus
714 1089 826 1132 locis
859 1082 914 1138 (ὃς
947 1105 1047 1133 cum
1081 1105 1169 1148 seq.
1204 1089 1433 1133 infinitivo
1465 1089 1598 1132 velut
1628 1088 1652 1131 I
1683 1088 1721 1141 2,
1755 1088 1793 1131 3.
1825 1089 1866 1141 4,
1899 1089 1937 1130 7.

180 1157 249 1209 “7,
281 1157 321 1199 5.
368 1158 434 1211 10,
480 1158 521 1201 4.
562 1159 601 1201 5.
637 1158 702 1211 14,
751 1159 800 1214 8,
850 1158 901 1201 ΙΙ
930 1160 969 1213 4,
998 1160 1036 1203 9.
1091 1161 1129 1212 9,
1181 1162 1254 1214 11,
1304 1159 1381 1202 ΙΙΙ
1426 1159 1462 1211 1,
1502 1159 1543 1205 6.
1575 1159 1613 1211 6,
1646 1159 1686 1201 7.
1730 1158 1794 1202 10.
1826 1159 1865 1211 9,
1898 1159 1936 1202 6.

212 1227 358 1281 13,;4
405 1227 804 1283 IV7,.313‚3;
853 1229 1191 1284 V2,.,;376
1230 1229 1532 1281 V11‚7.6,
1580 1230 1626 1282 7;
1674 1227 1938 1280 V111,.12

211 1297 250 1348 8,
281 1296 422 1349 212,
456 1298 495 1340 6.
529 1298 575 1352 7,
624 1297 742 1340 VIII
771 1299 811 1348 4,
845 1299 882 1350 7,
915 1314 1004 1342 non
1037 1298 1209 1352 dubito,
1257 1298 1367 1357 quin
1405 1314 1461 1347 ως
1507 1296 1845 1341 restituendum
1876 1296 1940 1340 sit

208 1367 496 1424 transposita
526 1368 692 1410 vocula
723 1384 765 1410 τε
796 1373 900 1425 post
930 1384 1023 1415 τους
1034 1384 1043 1410 :
1092 1384 1149 1416 ως
1177 1364 1272 1415 τούς
1301 1383 1343 1409 τε
1373 1365 1568 1422 θώρακας
1599 1402 1607 1410 ,
1642 1402 1651 1410 .
1686 1400 1695 1409 .
1732 1363 1937 1422 ἀπορρίπ-

207 1450 284 1477 τειν
314 1434 462 1479 καὶτὰ
493 1433 613 1479 λοιποὶ
646 1432 763 1489 dama,
816 1451 906 1495 qua
951 1452 999 1481 re
1041 1437 1189 1480 oratio
1232 1436 1286 1480 fit
1325 1436 1586 1480 accuratior
1635 1440 1775 1495 atque
1822 1451 1936 1480 com-

208 1505 414 1563 positior.

353 1574 623 1619 Extremum
656 1576 789 1619 hodie
823 1579 905 1629 est,
957 1579 1010 1619 ut
1048 1575 1090 1618 V
1139 1577 1176 1629 1,
1220 1575 1267 1618 1:
1317 1569 1543 1631 δεδήλωται
1586 1579 1648 1632 τῷ
1686 1572 1763 1630 etp?
1794 1571 1936 1617 τούτου

209 1643 489 1701 συγγράμματι
518 1649 626 1689 ante
657 1649 716 1707 τῷ
746 1645 1000 1688 articulum
1031 1645 1414 1702 praepositionem
1447 1645 1484 1686 ἐν
1517 1648 1679 1688 contra
1719 1643 1935 1697 codicum,

211 1714 302 1757 nisi
323 1713 476 1768 fallor,
509 1715 707 1758 omnium
732 1714 1020 1773 omniumque
1043 1714 1245 1758 locorum
1268 1714 1486 1758 similium
1509 1714 1785 1772 scripturam
1816 1716 1937 1762 (con-

208 1783 333 1827 feras
365 1783 505 1826 velim
550 1784 627 1826 III
675 1785 713 1835 1,
757 1784 801 1835 1,
847 1783 899 1826 ΙΙ
932 1785 1048 1838 1,1;
1097 1783 1167 1826 IV
1209 1784 1335 1836 1,1;
1382 1783 1451 1826 VI
1483 1783 1520 1835 1,
1572 1787 1621 1838 1,
1672 1782 1768 1825 VII
1815 1784 1933 1837 1,1;

208 1851 329 1897 VIII
362 1853 400 1905 1,
435 1853 478 1908 1)
508 1852 557 1896 in
588 1852 930 1897 Mendelssohni
961 1853 1160 1897 editione
1193 1853 1406 1897 omissam
1437 1868 1535 1896 esse
1577 1866 1934 1896 commemorem.

345 2017 374 2061 ¹)
402 2017 552 2050 Dubium
574 2019 639 2055 est.
655 2026 700 2049 an
712 2016 778 2050 hoc
792 2017 868 2050 loco
889 2017 1061 2058 magister
1084 2017 1192 2050 etiam
1215 2017 1476 2050 sententiarum
1497 2015 1655 2049 ordinem
1669 2015 1714 2049 ab
1728 2014 1932 2049 Herodiano

206 2075 297 2108 VIII
324 2076 353 2113 1.
383 2076 401 2108 1
428 2075 657 2109 observatum
682 2074 726 2108 ad
752 2085 851 2108 suum
875 2075 1066 2108 arbitrium
1092 2077 1307 2108 commutare
1331 2075 1498 2108 voluerit.

342 2133 376 2178 2]
401 2132 503 2174 Quod
527 2143 589 2167 cur
629 2134 806 2175 miremur,
845 2122 922 2165 cum
946 2133 1062 2165 animo
1097 2132 1200 2165 nobis
1232 2132 1523 2175 proposuerimus
1560 2134 1721 2165 veterum
1753 2131 1934 2164 volumina

206 2201 318 2234 eaque
344 2191 534 2226 evolvendi
559 2194 596 2225 et
620 2190 834 2234 inspiciendi
861 2190 1104 2230 difficultates,
1130 2201 1236 2224 causa
1260 2201 1330 2224 non
1356 2191 1436 2224 erit.
