2117 3478
936 242 1223 286 „25-

342 360 648 415 Quamobrem
690 359 773 402 hos
806 372 969 402 versus
1002 358 1159 402 textui
1204 361 1378 402 temere
1420 357 1624 402 insertos
1672 358 1955 404 secludimus

202 431 480 485 coniectura,
512 428 735 489 quomodo
769 429 816 471 111
849 432 1035 472 textum
1068 426 1194 471 illati
1226 426 1334 478 sint,
1384 427 1535 472 adhuc
1577 444 1667 472 non
1699 429 1953 487 proposita,

340 513 460 557 Item
492 512 568 556 III
604 512 671 566 15,
704 511 757 555 8:
803 506 914 560 ὅπως
947 510 1016 567 μὲν
1050 508 1098 566 δὴ
1132 511 1311 566 Respo:
1340 508 1408 553 τὸν
1441 510 1528 566 βίον
1563 509 1787 569 μετήλλαξε
1819 512 1887 555 καὶ
1917 512 1956 557 οἱ

201 587 342 632 παῖδες
374 581 485 645 αάτῷ
514 581 583 639 τὴν
615 579 743 639 ἀρχὴν
776 582 1016 630 διεδέξαντο.
1050 582 1089 624 ἐν
1112 586 1174 640 τῷ
1203 580 1353 641 βεβλίῳ
1376 576 1510 642 τούτῳ
1534 580 1763 637 δεδήλωται
1793 582 1955 640 spuria

208 658 318 699 sunt
349 653 571 699 habenda.

341 736 469 788 Quae
503 736 539 778 si
573 737 630 777 ab
663 735 927 778 Herodiano
970 735 1071 791 ipso
1113 733 1289 789 scripta
1327 737 1495 784 essent,
1546 733 1658 775 libri
1697 733 1775 776 ΙΙΙ
1816 748 1953 791 argu·

204 808 407 848 mentum
440 806 783 847 universum
827 802 1065 847 continere
1113 802 1354 845 debebant.
1419 802 1637 858 Legimus
1680 803 1798 846 enim
1843 803 1954 847 scri·

201 878 355 932 ptum:
391 874 430 916 ἑν
462 876 527 934 τῷ
556 873 742 927 βιβλίω
770 868 942 931 τούτῳ
975 871 1216 926 δεδήλωται.
1281 872 1376 914 Ν66
1409 886 1520 914 vero
1553 871 1608 914 de
1630 870 1793 914 Severi
1824 872 1953 915 vitae

202 944 333 987 exitu
366 943 612 986 universus
646 943 805 999 agitur
835 942 954 986 liber
984 941 1085 995 ΠΙ,
1132 941 1212 985 sed
1252 941 1306 985 de
1338 941 1476 985 rebus
1519 955 1547 984 a
1578 939 1749 985 Severo
1791 940 1951 998 gestis,

202 1013 259 1056 de
290 1013 486 1056 interitu
518 1017 674 1056 autem
694 1012 855 1056 Severi
888 1016 1095 1055 extrema
1118 1011 1226 1054 libri
1247 1011 1324 1054 ΙΙΙ
1355 1026 1477 1070 pars,
1510 1025 1627 1070 quae
1659 1011 1788 1054 nullo
1819 1010 1953 1054 modo

199 1082 456 1140 significari
488 1086 640 1140 potest
672 1082 847 1126 verbis:
882 1082 921 1125 ἐν
954 1085 1017 1140 τῷ
1048 1082 1188 1136 βιβλία)
1220 1075 1363 1124 τούτω.
1429 1082 1509 1135 At,
1554 1081 1725 1125 dixerit
1766 1080 1951 1140 aliquis,

203 1154 358 1196 verbis
380 1153 462 1204 IV,
489 1155 524 1205 1,
552 1154 574 1196 1
609 1158 935 1210 argumentum
957 1169 1047 1197 non
1080 1153 1270 1196 totius
1303 1152 1410 1196 libri
1434 1152 1511 1196 III
1537 1151 1730 1210 exprimi
1752 1151 1952 1195 videtur.

206 1222 351 1267 Recte
396 1223 477 1266 ille
510 1223 708 1281 quidem,
764 1223 844 1266 sed
868 1227 1192 1278 argumentum
1225 1223 1630 1280 comprehenditur
1662 1222 1952 1266 Herodianeo

205 1308 330 1336 more
363 1293 725 1344 universum,
759 1297 807 1335 et
835 1308 885 1335 eo
919 1293 1031 1349 ipso,
1065 1292 1111 1335 id
1137 1293 1256 1350 quod
1281 1293 1420 1350 paulo
1453 1293 1578 1336 infra
1610 1292 1951 1349 intellegemus,

208 1363 295 1406 illa
326 1364 465 1407 verba
499 1363 594 1418 (III
630 1365 694 1417 15,
727 1364 772 1419 8)
805 1363 1012 1406 insiticia
1044 1379 1142 1406 esse
1176 1364 1402 1407 docemur.

349 1445 638 1487 Herodianus
671 1445 711 1486 si
742 1444 787 1486 in
812 1447 1085 1500 argumento
1107 1444 1208 1487 libr.
1241 1443 1311 1487 IV
1332 1446 1368 1496 1,
1401 1445 1417 1486 1
1461 1442 1621 1487 Severi
1647 1442 1773 1486 vitae
1797 1442 1952 1486 exitus

208 1515 485 1558 mentionem
516 1514 669 1558 facere
703 1514 1019 1570 cogitavisset,
1053 1513 1149 1557 sine
1182 1513 1317 1556 dubio
1352 1513 1493 1556 aliter
1524 1513 1789 1571 scripsisset
1820 1513 1951 1556 velut

205 1583 275 1627 IV
308 1585 348 1635 9,
382 1585 481 1637 8¹):
535 1583 651 1631 τέλος
683 1583 754 1638 μὲν
786 1581 834 1638 δὴ
878 1586 1054 1626 τοιοῦτον
1095 1582 1296 1636 κατέλαβε
1328 1617 1336 1626 .
1372 1617 1380 1625 .
1416 1617 1424 1624 .
1458 1617 1467 1626 .
1515 1598 1599 1626 1166
1641 1583 1794 1626 verbis
1838 1598 1951 1626 usus

208 1657 355 1697 esset:
389 1653 427 1695 ἐν
458 1657 520 1708 τῷ
553 1652 693 1706 βιβλία)
727 1686 735 1695 .
769 1685 780 1697 .
813 1687 823 1695 .
858 1687 866 1695 .
911 1646 1137 1707 δεδήλωται
1182 1653 1276 1703 (vel
1317 1652 1500 1694 λέλεκται
1544 1652 1619 1695 vel
1650 1651 1948 1708 ἐδηλώσαμεν),

206 1737 325 1781 quae
368 1722 415 1765 in
474 1722 761 1779 singulorum
814 1722 1035 1765 librorum
1086 1721 1235 1765 initiis
1276 1721 1531 1765 Herodiani
1585 1724 1769 1780 propria
1818 1721 1951 1765 nobis

207 1797 472 1835 occurrunt.

357 1861 546 1915 Quodsi,
582 1861 803 1921 quomodo
834 1862 920 1905 illa
953 1862 1143 1916 verba2)
1175 1860 1222 1904 in
1265 1864 1444 1904 textum
1486 1861 1771 1919 irrepserint,
1814 1877 1949 1921 quae-

209 1931 367 1982 rimus,
401 1932 526 1974 haud
556 1933 692 1988 longe
724 1946 751 1973 a
783 1947 892 1974 vero
926 1946 994 1974 me
1028 1933 1240 1974 aberrare
1272 1936 1406 1988 puto,
1452 1931 1491 1974 si
1531 1931 1641 1974 haec
1685 1931 1949 1975 coniectura

207 2000 397 2056 colligo:
450 2000 616 2044 Nescio
662 2015 721 2044 an
754 2001 1059 2046 dubitandum
1114 2016 1204 2044 non
1251 2001 1325 2054 sit,
1379 2001 1488 2059 quin
1521 2000 1653 2045 libris
1693 2001 1949 2045 Herodiani

207 2074 420 2114 veterum
460 2075 785 2129 praeceptores
832 2072 1053 2114 bonarum
1101 2071 1271 2114 artium
1319 2070 1377 2113 ad
1409 2070 1658 2114 docendam
1699 2071 1747 2115 in
1779 2072 1949 2116 scholis

207 2139 453 2183 historiam
496 2141 776 2197 Augustam,
830 2140 1031 2184 fortasse
1077 2141 1216 2183 etiam
1268 2140 1485 2198 discipuli
1534 2140 1671 2184 huius
1722 2140 1950 2185 historiae

208 2208 457 2252 discendae
491 2224 632 2253 causa
663 2210 736 2253 usi
769 2210 875 2253 sint.

353 2277 483 2331 Quae
535 2280 800 2323 coniectura
844 2280 885 2322 si
936 2280 1186 2338 probabilis
1238 2295 1335 2324 esse
1380 2280 1581 2334 videtur,
1632 2280 1691 2324 ad
1731 2285 1947 2339 rogatum

208 2347 360 2405 ipsum
392 2347 484 2390 iam
517 2363 786 2406 responsum
806 2353 900 2392 'est
966 2349 1129 2393 Libros
1160 2350 1293 2404 enim,
1324 2351 1425 2410 {qui
1456 2351 1782 2409 magistrorum
1813 2355 1950 2396 erant

208 2421 445 2470 veterum,
500 2418 556 2461 ab
600 2418 762 2462 horum
824 2420 1114 2477 temporibus
1160 2421 1208 2463 in
1260 2424 1463 2465 aetatem
1504 2421 1698 2466 mediam
1747 2421 1948 2465 traditos

208 2501 457 2545 eorumque
489 2503 579 2530 non
613 2488 760 2531 solum
791 2481 987 2541 textum,
1023 2489 1102 2533 sed
1122 2490 1261 2533 etiam
1293 2490 1379 2534 illa
1399 2492 1555 2544 verba,
1588 2505 1704 2549 quae
1726 2490 1950 2547 magister

206 2555 253 2597 in
287 2556 456 2598 scholis
497 2556 552 2598 de
584 2556 743 2615 aliqua
774 2573 822 2600 re
869 2558 1117 2602 disserenti
1158 2559 1245 2603 sibi
1275 2560 1324 2603 in
1370 2561 1579 2618 margine
1624 2561 1946 2619 asscripserat‚

206 2624 304 2667 sive
337 2629 392 2667 ut
422 2639 510 2678 ree,
545 2639 663 2683 quae
684 2625 727 2669 ei
758 2626 814 2669 ab
846 2630 1034 2670 auctore
1058 2628 1225 2672 omissa
1247 2628 1541 2684 videbantur,
1574 2629 1784 2689 expleret
1815 2630 1949 2674 velut

205 2694 284 2737 III
319 2695 383 2747 15,
417 2694 457 2746 8,
492 2695 570 2737 ubi
602 2700 886 2754 praeceptor,
919 2713 1020 2741 cum
1053 2699 1330 2744 mentionem
1370 2702 1533 2745 mortis
1564 2700 1726 2745 Severi
1766 2701 1823 2744 ab
1856 2700 1949 2743 He·

205 2763 397 2807 rodiano
430 2763 476 2806 in
521 2764 624 2808 libr.
657 2765 728 2808 IV
775 2766 908 2810 initio
958 2767 1082 2811 haud
1126 2771 1241 2812 satis
1285 2774 1445 2828 aperte
1489 2771 1664 2815 factam
1710 2770 1949 2825 (similiter

347 2907 372 2949 ¹)
398 2905 455 2938 Ad
480 2906 572 2939 hanc
599 2916 672 2938 rem
699 2906 947 2940 illustrandam
976 2909 1019 2941 cf.
1036 2909 1143 2941 etiam
1161 2911 1252 2943 VIII
1279 2912 1310 2952 5,
1336 2912 1376 2953 9;
1404 2913 1422 2944 I
1450 2913 1503 2956 17,
1532 2913 1583 2946 12.
1611 2912 1663 2946 13.
1689 2912 1729 2953 ὃς
1757 2913 1849 2945 VIII
1865 2914 1897 2953 8,
1925 2913 1948 2945 8

207 2963 306 3009 (τέλει
329 2962 385 3010 μὲν
411 2956 451 3012 δὴ
477 2959 613 3010 τοιούτῳ
640 2959 800 3012 ἐχρήσατο
827 2991 835 2999 .
863 2992 870 3000 .
899 2968 934 3009 .).

345 3024 380 3065 2)
419 3023 541 3055 Verba
566 3024 639 3055 VII
667 3024 719 3065 12,
744 3024 765 3055 9
791 3034 811 3055 a
845 3024 995 3057 librario
1030 3028 1164 3058 temere
1197 3027 1257 3059 bis
1295 3027 1478 3071 descripta
1513 3031 1552 3061 ut
1586 3031 1673 3062 nata
1697 3030 1783 3072 sint,
1820 3039 1864 3062 ex
1887 3029 1949 3069 iis,

210 3091 300 3125 quae
326 3080 430 3114 modo
458 3081 701 3124 exposuimus,
729 3091 808 3114 esse
833 3082 970 3124 nequit.
