2117 3478
962 189 1222 231 ,7-

219 297 362 341 velim
394 301 535 343 etiam
568 299 661 344 Cio.
694 300 851 345 Plano.
886 302 962 357 32;
1012 302 1098 347 Off.
1133 303 1171 359 1,
1205 305 1275 349 33.
1338 304 1510 349 Contra
1542 306 1599 350 of.
1632 305 1773 351 Thuo.
1805 308 1847 358 4,
1878 308 1956 363 59;

218 366 339 412 Plat.
375 368 489 413 Crit.
527 386 569 429 p.
602 371 661 414 44
690 370 757 425 A‚·
788 370 919 416 Pind.
950 372 1113 417 Isthm.
1147 374 1187 429 2,
1219 374 1275 418 32
1286 389 1296 430 ;
1329 375 1388 418 31.

357 435 503 495 Σχῆμά
531 455 634 488 τινος
665 437 939 484 ἐνδείκνυσθαι
968 441 1021 484 II
1050 443 1089 496 5,
1123 443 1150 485 5
1182 440 1389 500 (παρέχειν
1420 443 1492 487 IV
1521 445 1561 498 2,
1581 445 1625 501 3)
1659 448 1733 488 est
1762 445 1953 489 Latine:

220 508 417 566 speciem
449 511 691 555 ostendere
733 511 867 556 velut
898 526 969 570 ap.
1004 512 1215 557 Livium:
1265 513 1462 572 speeiem
1507 514 1554 558 in
1589 514 1822 559 obsidione
1853 530 1955 573 per-

222 580 486 623 severantis
542 581 803 637 ostendere;
854 581 1051 639 speciem
1095 583 1314 640 praebere
1360 598 1431 642 ap.
1465 584 1596 627 Caes.
1630 584 1682 627 B.
1717 584 1771 628 Gr.
1805 585 1844 639 3,
1876 586 1954 641 24;

216 646 336 693 Plin.
384 650 452 705 24,
486 651 554 704 87,
588 651 637 708 1;
684 652 752 705 34,
783 652 851 706 20,
886 652 924 695 1.
987 651 1161 697 Contra
1204 652 1260 697 ef.
1303 652 1425 699 Plat.
1458 652 1589 712 Reip.
1639 654 1665 697 9
1704 670 1745 712 p.
1791 655 1877 699 576
1908 655 1955 699 A

215 715 366 774 (πάντα
395 718 445 763 τοὶ
478 716 665 778 σχήματα
705 728 828 764 ποιεῖν
861 716 917 771 αἷς
949 721 1107 777 οἰκεῖοι)
1156 726 1203 767 et
1234 724 1293 766 al.
1338 723 1443 767 Vid.
1493 723 1632 767 etiam
1679 724 1799 769 Hdn.
1849 724 1947 769 VII

160 782 162 784 ’
215 788 254 842 2,
289 789 336 844 7;
369 790 492 835 VIII
522 793 562 845 4,
597 793 662 836 10.

253 854 256 857 “
352 859 526 916 Μέγιστα
558 861 691 904 ἐκεῖνα
723 857 800 917 ὅρη
833 861 901 904 καὶ
932 860 996 905 οἷα
1013 863 1045 916 1)
1076 861 1128 905 II
1147 861 1212 916 11,
1232 863 1258 906 8
1281 877 1336 906 ex
1367 877 1455 905 usu
1486 862 1656 905 Latino
1679 862 1942 920 profectum

216 944 314 974 esse
347 930 552 974 videtur.

347 996 359 1013 ³
525 993 535 1008 ι
1238 1001 1247 1009 .
1614 1000 1623 1009 ·
1692 1000 1701 1009 .

362 1002 416 1048 Ες
445 1016 555 1056 τιμην
587 1015 688 1050 τινος
717 1000 788 1044 IV
806 1001 845 1054 2,
879 1001 918 1044 9.
951 1002 989 1054 9,
1022 1001 1052 1044 4
1082 1016 1202 1044 esse:
1235 1017 1283 1044 111
1315 1001 1529 1044 honorem
1561 1001 1774 1054 ahomus,
1811 1001 1948 1044 velut

202 1070 323 1113 ·Hor.
358 1070 440 1114 Od.
476 1071 513 1123 1,
546 1072 586 1124 7,
618 1071 665 1125 8;
701 1069 816 1113 Plin.
851 1071 919 1123 34,
955 1071 1021 1122 13,
1054 1073 1078 1112 2
1112 1075 1197 1114 etc.
1229 1074 1373 1128 patet.
1438 1069 1615 1113 Contra
1648 1070 1705 1113 of.
1724 1070 1839 1113 Xen.
1856 1071 1946 1113 An.

212 1140 250 1193 7,
286 1140 324 1194 3,
357 1140 413 1184 28
444 1136 616 1197 (διδόναι
645 1139 717 1184 τινί
746 1156 782 1183 τι
810 1144 924 1197 τιμῆς
954 1140 1106 1195 ἕνεκα.)

347 1210 597 1266 Ambigere
654 1210 848 1267 denique
911 1225 1177 1266 possumus,
1241 1225 1350 1252 num
1411 1210 1669 1253 locutiones
1726 1203 1946 1251 ἀπολαύειν

213 1280 473 1334 (πολυετοῦς)
519 1274 678 1334 εἰρήνης
734 1278 803 1322 VI
845 1280 884 1332 3,
929 1279 955 1322 3
1011 1278 1238 1333 (diutina)
1294 1293 1405 1336 paee
1451 1278 1546 1322 frui
1603 1282 1657 1322 ut
1704 1293 1775 1336 ap.
1828 1276 1946 1335 Nep.

210 1345 371 1404 Epam.
406 1347 446 1401 5,
480 1346 638 1396 ἐλπίδες
666 1349 855 1390 καλοῦσιν
886 1346 938 1390 Π
959 1348 998 1400 8,
1042 1349 1067 1389 3
1115 1347 1239 1405 (spes
1268 1350 1449 1401 vocant,
1483 1347 1615 1391 velut
1635 1346 1735 1390 Liv.
1754 1347 1823 1399 24,
1857 1346 1944 1401 36),

208 1415 354 1471 μέθαις
394 1411 609 1458 ἐπιδιδόναι
655 1415 798 1458 ἑαυτόν
828 1416 854 1458 Ι
895 1417 933 1469 3,
977 1417 998 1459 1
1049 1416 1175 1471 (vino
1209 1436 1261 1451 =
1294 1416 1511 1459 ebrietati
1553 1432 1601 1459 se
1648 1416 1815 1459 dedere
1848 1416 1942 1459 vel:

208 1486 626 1531 vino=ebrietati
668 1486 866 1540 deditus,
913 1486 1047 1530 velut
1093 1484 1195 1531 Sen.
1228 1485 1311 1544 Ep.
1344 1486 1420 1541 583
1473 1485 1529 1530 of.
1576 1485 1716 1530 etiam
1748 1476 1944 1544 Nepotis

215 1556 360 1599 illud:
396 1556 504 1600 vino
527 1556 766 1615 epulisque
788 1555 1004 1611 deditus),
1038 1551 1265 1611 τιτρώσκειν
1297 1555 1366 1611 τήν
1399 1551 1531 1612 ψυχήν
1567 1555 1591 1598 Ι
1622 1556 1661 1608 8,
1681 1555 1945 1611 7(animum

210 1627 473 1680 vulnerare,
508 1629 563 1669 ut
583 1627 684 1669 Liv.
718 1626 786 1680 34,
820 1628 866 1682 7;
901 1627 959 1669 al.
1004 1630 1089 1669 rat.
1124 1641 1195 1684 ap.
1231 1625 1362 1669 Diod.
1398 1626 1464 1677 17,
1500 1626 1603 1678 112)
1635 1625 1945 1668 numerandae

214 1696 311 1740 sint
340 1696 387 1739 in
418 1695 706 1740 Latinismis.

873 2066 1108 2158 eaput
1172 2067 1273 2141 II.

344 2219 652 2274 Herodianus,
677 2234 809 2279 quem
834 2219 1002 2263 scholis
1022 2219 1193 2278 optime
1215 2219 1459 2264 educatum
1482 2235 1581 2264 esse
1603 2220 1776 2264 iniuria
1793 2235 1944 2279 neges,

203 2293 258 2333 ut
288 2289 331 2332 R
342 2304 366 2332 o
379 2305 423 2331 m
435 2303 462 2331 a
473 2304 503 2331 n
515 2304 539 2332 o
552 2303 575 2331 r
585 2304 615 2331 u
628 2304 670 2330 m
703 2288 1006 2345 scriptoribus
1029 2288 1133 2331 unis
1153 2288 1354 2346 solisque
1377 2303 1562 2346 operam
1585 2289 1732 2342 daret,
1755 2293 1944 2333 tantum

203 2359 339 2413 afuit,
372 2362 427 2402 ut
458 2357 500 2403 Gr
511 2374 535 2402 r
546 2373 572 2402 a
585 2374 608 2402 e
620 2375 642 2402 0
654 2374 678 2402 0
691 2374 715 2402 1·
726 2374 757 2401 u
768 2374 811 2401 m
858 2373 1035 2416 quoque
1068 2357 1278 2402 doctrina
1309 2357 1584 2417 ingenioque
1617 2359 1943 2404 excellentium

201 2428 346 2471 libros
378 2443 468 2471 non
496 2427 626 2470 modo
657 2442 844 2470 rerum
878 2426 1252 2483 scriptorum,
1284 2428 1364 2469 sed
1402 2428 1542 2470 etiam
1572 2428 1696 2484 phi]
1711 2429 1943 2485 osopho-

202 2515 321 2543 rum
368 2502 415 2542 et
456 2498 830 2555 poetarum2),
871 2494 1171 2540 rhetorum
1236 2496 1779 2556 sophistarumque,
1832 2497 1943 2556 quin

124 2565 127 2568 ’
201 2567 337 2610 immo
376 2566 542 2624 Polybi
592 2580 714 2608 more
722 2566 759 2620 3)
803 2580 843 2606 111
859 2579 881 2607 e
895 2564 921 2605 d
933 2564 948 2606 i
961 2579 982 2606 0
996 2579 1020 2606 0
1032 2579 1055 2606 1·
1066 2579 1096 2606 11
1107 2580 1150 2606 111
1202 2566 1539 2608 studiosissime
1574 2566 1751 2622 legeret
1762 2569 1822 2620 4),
1875 2567 1945 2608 ita

202 2636 408 2695 quidem,
463 2640 518 2679 ut
564 2652 664 2679 cum
706 2633 986 2687 sententiaS,
1035 2635 1135 2676 tum
1184 2634 1411 2678 vocabula
1459 2635 1801 2693 locutionesque
1841 2651 1941 2694 per-

340 2799 370 2840 1)
396 2799 449 2831 Cf.
477 2798 621 2831 dissert.
647 2799 760 2830 nostr.
787 2797 914 2838 Polyb.
939 2807 972 2838 p.
1000 2797 1054 2828 32.

338 2854 366 2901 2)
393 2856 445 2891 cf.
474 2855 584 2890 etiam
609 2854 684 2889 har.
711 2853 891 2888 observat.
917 2863 951 2897 p.
979 2853 1032 2887 13.

337 2914 365 2957 3)
392 2915 444 2947 Cf.
471 2914 618 2946 dissert.
644 2915 760 2947 nostr.
785 2913 973 2954 Polybian.
1003 2922 1036 2953 p.
1065 2912 1108 2942 15
1134 2921 1162 2944 s.

338 2969 368 3014 4)
393 2970 462 3004 nisi
479 2970 558 3014 quis
572 2969 667 3002 forte
690 2969 817 3009 omnia,
844 2978 935 3011 quae
959 2967 1003 3001 ad
1027 2977 1102 3000 rem
1124 2966 1378 3001 illustrandam
1402 2968 1471 3000 iam
1499 2968 1734 3011 proferemus,
1762 2980 1781 3003 e
1797 2971 1942 3013 vulgari

204 3039 372 3063 sermone
400 3031 552 3071 excepta
577 3038 656 3061 esse
682 3037 761 3060 cum
786 3027 932 3060 studeat
956 3026 1215 3069 demonstrare,
1241 3036 1385 3069 operam
1410 3027 1560 3069 perdere
1586 3038 1657 3061 non
1682 3031 1838 3062 veretur.
