2117 3478
320 1188 390 1263 De
421 1219 676 1264 Herodiani
708 1224 878 1273 aetate,
922 1220 1090 1278 patria,
1133 1220 1221 1264 fide
1255 1236 1476 1279 quaerere
1509 1221 1808 1278 supersedere
1841 1239 1910 1267 me

170 1288 362 1348 putavi,
398 1288 518 1347 quod
550 1292 598 1332 et
629 1288 765 1332 multi
796 1289 887 1332 viri
918 1289 1042 1333 dooti
1058 1290 1088 1345 1)
1136 1290 1191 1333 de
1224 1290 1296 1333 his
1336 1291 1473 1334 rebus
1516 1291 1608 1333 iam
1640 1290 1910 1348 disputave-

172 1362 297 1413 runt,
342 1358 410 1402 ita
442 1373 565 1412 sane,
599 1362 653 1402 ut
683 1360 922 1412 nonnulla,
956 1374 1072 1418 quae
1104 1360 1192 1404 huo
1225 1364 1462 1418 spectant,
1511 1361 1649 1418 plane
1682 1361 1909 1405 exhausta

172 1429 283 1472 mihi
322 1444 413 1472 non
460 1428 725 1482 videantur,
761 1433 807 1472 et
845 1429 1134 1487 propositum
1167 1433 1239 1473 est
1279 1430 1414 1483 mihi,
1468 1434 1523 1473 ut
1554 1429 1611 1472 ad
1642 1429 1690 1473 id
1725 1431 1909 1488 linguae

166 1515 337 1556 genus,
409 1498 530 1556 quod
586 1503 781 1542 vocatur
841 1494 956 1554 κοινή
967 1500 1026 1554 2),
1094 1515 1248 1542 euram
1311 1514 1456 1543 meam
1509 1499 1728 1556 proximis
1774 1500 1908 1544 annis

169 1568 413 1612 adhibeam
446 1566 634 1626 eiusque
672 1567 905 1611 notionem
939 1567 1165 1612 occultam
1206 1567 1356 1612 adhue
1391 1572 1439 1612 et
1470 1567 1603 1626 quasi
1633 1568 1905 1622 involutam,

168 1637 321 1697 quoad
357 1637 455 1682 eius
487 1636 588 1680 fieri
617 1637 804 1695 poterit,
839 1637 1043 1695 aperiam
1075 1641 1215 1696 atque
1249 1637 1485 1696 explicem.

311 1717 401 1763 Sed
432 1717 785 1773 elocutionemss)
816 1717 964 1776 ipsam
995 1733 1149 1763 rerum
1180 1718 1435 1777 scriptoris,
1490 1718 1620 1763 ouius
1667 1718 1715 1762 in
1747 1718 1906 1764 libello

167 1788 333 1834 iudicii
365 1788 632 1832 libertatem
673 1792 813 1846 atque
854 1788 1186 1844 integritatem,
1238 1788 1599 1833 moderationem
1642 1789 1907 1848 tranquilli-

167 1862 408 1917 tatemque
422 1859 458 1915 4)
501 1873 633 1901 nemo
676 1858 788 1912 erit,
843 1859 921 1917 qui
951 1859 1203 1913 infitietur,
1250 1863 1456 1902 tractare
1500 1874 1555 1902 ex
1586 1859 1739 1902 causis
1773 1859 1903 1903 modo

166 1928 331 1971 allatis
362 1927 488 1971 haud
520 1931 592 1970 est
623 1928 824 1970 alienum
856 1942 884 1970 a
914 1928 1026 1971 meis
1059 1928 1419 1986 quaestionibus.

307 2008 415 2053 Jam
447 2024 555 2052 vero
588 2009 767 2067 aliquot
798 2009 1042 2065 aggrediar
1073 2010 1430 2063 observationes,
1482 2010 1537 2053 de
1570 2009 1735 2067 quibus
1767 2009 1901 2054 hodie

165 2076 395 2121 disserere
426 2078 474 2121 in
506 2078 656 2121 animo
688 2078 846 2122 habeo.

308 2354 334 2399 1)
359 2356 468 2389 Velut
494 2355 537 2388 cf.
565 2354 610 2389 Ε.
646 2354 870 2389 Volkmann:
894 2355 945 2388 De
966 2354 1164 2388 Herodiani
1191 2356 1278 2396 vita,
1307 2356 1456 2399 scriptis
1481 2355 1633 2398 fideque.
1660 2355 1757 2390 Diss.
1782 2358 1902 2401 inaug.

166 2414 377 2455 Regimonti
414 2415 523 2455 1859;
573 2413 649 2449 Jul.
684 2413 728 2448 de
760 2412 956 2448 Pobzocki:
981 2414 1031 2447 De
1067 2413 1264 2447 Herodiani
1296 2415 1383 2454 vita,
1411 2415 1568 2455 ingenio,
1613 2415 1773 2456 scriptis.
1808 2416 1901 2450 mss,
1974 2432 1976 2435 v

163 2471 289 2514 inaug.
326 2470 538 2505 Monasterii
582 2471 688 2513 18643
738 2469 785 2506 F.
822 2469 868 2505 A.
914 2468 1016 2515 Wolf
1052 2470 1214 2513 aliosque
1257 2469 1431 2515 editores3
1492 2468 1528 2506 J.
1576 2468 1733 2506 Veludo:
1783 2470 1902 2516 Sopra
1933 2459 2002 2521 Κγ
2014 2455 2117 2522 ,Μή

162 2540 215 2563 un
246 2529 460 2564 frammento
486 2529 524 2563 di
555 2529 735 2564 Erodiano
761 2528 795 2563 lo
821 2529 967 2562 storico.
993 2529 1157 2563 Venetiis
1184 2529 1295 2571 18573
1331 2528 1404 2562 vid.
1439 2529 1548 2563 etiam
1574 2528 1717 2564 Bitschl
1740 2530 1779 2563 in
1811 2530 1900 2565 Mus.
1942 2562 1967 2574 „

166 2589 280 2621 Rhen.
321 2590 409 2621 1858
446 2599 479 2631 p.
516 2589 715 2628 157—163;
770 2587 893 2620 Baehr
930 2588 967 2619 in
1007 2588 1121 2628 Pauly
1164 2588 1428 2629 Real-Encycl.
1467 2588 1527 2619 III
1570 2598 1606 2629 p.
1650 2587 1900 2629 1236—1240;
1938 2574 1942 2581 ,

162 2645 213 2682 G.
228 2645 275 2681 R.
291 2645 433 2681 Sievers
458 2646 675 2688 inPhilolog.
700 2648 729 2679 t.
755 2645 874 2678 XXVI
898 2656 958 2688 pp.
985 2645 1138 2686 29—43;
1163 2645 1348 2678 253-270
1373 2647 1410 2678 et
1434 2648 1461 2679 t.
1486 2646 1606 2678 XXXI
1632 2656 1665 2688 p.
1692 2646 1899 2683 631—666;

161 2703 330 2739 *Kettlerz
354 2704 554 2738 Nonnullae
590 2704 635 2738 ad
660 2704 917 2743 Herodianum,
955 2714 1072 2736 rerum
1097 2704 1335 2736 Romanarum
1369 2704 1593 2746 scriptorem,
1633 2705 1900 2738 annotationes,

165 2763 293 2806 Progr.
313 2773 431 2807 gymn.
457 2763 606 2805 Erlang.
631 2773 662 2796 a.
683 2762 792 2805 18823
817 2762 863 2796 al.

305 2832 337 2877 2]
363 2833 415 2867 Cf.
441 2831 618 2869 Poblocki
638 2843 672 2877 p.
698 2833 742 2867 29
767 2831 880 2874 med.;
906 2830 1051 2866 Kettler
1074 2841 1109 2874 p.
1132 2831 1165 2864 4.

305 2904 337 2950 ³)
373 2904 424 2939 cf.
459 2903 564 2939 Phoc.
600 2904 676 2939 cod.
701 2904 817 2938 XCIX
860 2915 893 2946 p.
935 2903 1003 2936 276
1028 2914 1072 2934 --.
1097 2900 1266 2936 Nicolai:
1316 2900 1461 2938 Griech.
1502 2900 1900 2944 Literaturgeschiohte

158 2965 194 2996 t.
220 2964 259 2996 11
284 2974 317 3006 p.
344 2964 432 3005 577;
459 2964 503 2996 cf.
530 2965 641 2997 etiam
664 2964 742 2997 har.
768 2963 947 3007 observat.
972 2971 1006 3003 p.
1033 2961 1054 2993 3
1077 2959 1200 2993 adnot.
1228 2961 1257 2993 1.

306 3034 334 3078 4)
360 3033 440 3068 vid.
468 3034 578 3067 etiam
611 3031 837 3067 Volckmann
869 3042 904 3075 p.
932 3032 974 3063 15
1000 3041 1066 3070 ss.;
1104 3027 1278 3064 Poblocki
1308 3040 1342 3072 p.
1368 3030 1412 3063 27
1438 3040 1492 3071 ss;
1539 3030 1626 3063 item
1660 3029 1767 3075 Wolf
1786 3032 1901 3074 praef.

160 3103 202 3137 J).
227 3093 274 3133 1¹3
299 3090 427 3126 Baehr
451 3091 489 3125 in
512 3091 628 3134 Pauly
653 3089 906 3133 Real-Encycl.
932 3099 964 3133 p.
992 3088 1096 3121 1273.

1697 3146 1738 3181 1*
