2117 3478
923 177 1217 220 „22—

197 301 475 354 temptemus
508 295 670 347 locum,
703 309 805 336 cum
837 292 936 340 ἔθος
969 292 1053 335 ἐστὶ
1084 292 1407 349 coniungimus
1452 309 1553 336 cum
1596 292 1756 337 dativo
1799 282 1945 351 parti-

200 367 319 426 cipii,
353 381 442 408 non
475 380 576 408 cum
607 362 852 417 infinitivo,
888 377 1021 422 quem
1055 362 1275 406 exhibent
1307 362 1486 406 codices
1518 378 1687 407 omnes

343 449 413 492 IV
445 451 483 500 5,
533 449 558 490 6
619 447 762 489 verba
796 443 885 488 ἀλλ’
932 446 973 492 ἐξ
1014 446 1231 500 ἐπιβουλῆς
1274 442 1396 486 adt&
1445 443 1724 498 ἀπεσείσαντο,
1779 446 1945 503 quibus

202 521 349 563 oratio
382 518 578 561 molesta
608 516 663 559 fit
699 530 905 574 quaeque
927 515 1189 558 Politianus
1222 514 1268 557 in
1300 514 1690 573 interpretatione
1721 514 1945 571 neglexit,

200 594 253 632 ut
295 589 454 647 spuria
496 587 668 629 eiciam.
734 586 851 627 Nam
895 585 1189 627 Herodianus
1233 586 1372 627 verbo
1407 581 1673 627 ἀποσείεσθαι
1704 598 1940 643 nunquam

200 660 353 702 utitur
394 674 492 701 cum
528 673 685 699 sensu:
740 672 790 709 „e
824 656 969 699 medio
1002 656 1210 705 t‹)llere“,
1263 655 1382 712 quod
1414 656 1555 698 verbo
1588 648 1948 704 ἀποσκευάζεσθαι

205 728 482 787 exprimitur
514 726 665 779 (velut
698 725 753 768 cf.
788 725 812 768 I
843 725 881 778 9,
917 725 953 769 1.
989 725 1054 778 17,
1088 725 1136 779 2,
1176 723 1226 767 Π
1259 724 1298 777 5,
1334 723 1381 779 1;
1416 722 1493 767 III
1526 723 1593 778 13,
1628 724 1675 780 2;
1729 722 1799 767 IV
1831 723 1871 778 3,
1908 723 1942 767 1.

202 802 267 853 12,
300 801 347 849 53
401 799 443 841 V
483 799 522 849 8,
556 798 606 851 8;
641 796 710 839 VI
741 798 779 844 8,
813 797 870 848 4),
923 796 1003 838 sed
1036 811 1138 838 cum
1172 795 1535 851 significatione:
1588 810 1664 849 „se
1697 792 1945 838 defendere

203 869 259 911 ab
304 868 477 926 aliquo,
529 881 576 909 se
621 879 869 909 exonerare
917 865 1071 923 aliquo
1124 864 1301 923 (aliqua
1333 864 1414 920 re),
1460 878 1695 907 semovere
1743 864 1946 923 aliquem

203 938 459 996 (aliquid')“,
514 937 646 980 velut
693 935 903 979 conferas
949 935 1078 977 modo
1122 934 1190 977 VI
1233 935 1271 988 3,
1313 934 1446 989 4511
1486 934 1526 987 9,
1568 935 1621 986 ὃς
1672 934 1742 978 IV
1792 937 1858 988 15,
1897 936 1945 989 ὃς

203 1008 322 1050 VIII
361 1009 401 1058 6,
434 1009 478 1061 83
514 1007 676 1049 deinde
719 1006 758 1048 si
799 1005 901 1063 quis
936 1001 1288 1053 ἀποσκευάζεσθαι
1319 1003 1520 1046 coniciat
1550 1017 1632 1061 pro
1666 1000 1945 1058 ἀποσείεσθαι,

207 1094 296 1121 non
346 1082 439 1129 est,
510 1076 628 1134 quod
676 1076 862 1119 silentio
929 1075 1271 1117 dissimulemus
1346 1074 1538 1115 verbum
1594 1068 1950 1123 ἀποσκευάζεσθαι

203 1147 519 1191 additamento
563 1146 605 1195 ἐξ
651 1145 866 1202 ἐπιβουλῆς
909 1160 1087 1203 semper
1118 1144 1270 1189 vitato
1303 1143 1455 1202 ipsum
1487 1157 1569 1202 per
1603 1158 1650 1187 se
1684 1142 1773 1187 sibi
1798 1143 1944 1188 velle:

206 1234 309 1275 per
341 1217 599 1259 insidias
632 1217 831 1273 aliquem
865 1232 887 1258 e
920 1216 1065 1258 medio
1099 1215 1276 1257 tollere.

350 1297 419 1341 IV
449 1298 488 1350 8,
522 1299 567 1340 2:
617 1296 789 1339 καυσίαν
822 1313 864 1338 τε
896 1294 958 1339 ἐπὶ
987 1295 1058 1352 τὴν
1102 1295 1284 1351 κεφαλήν
1330 1296 1464 1351 φέρων
1511 1295 1580 1339 καὶ
1611 1298 1811 1353 κρηπῖδας
1843 1288 1946 1339 ὄπο-

209 1364 414 1423 δοόμενος.
457 1367 720 1411 Videndum
753 1371 836 1420 est,
871 1383 940 1420 ne,
974 1371 1028 1409 ut
1060 1367 1119 1409 M.
1154 1367 1433 1425 suspicatur,
1468 1367 1744 1410 scribamus:
1776 1370 1947 1409 καυσίαν

207 1454 249 1480 τε
282 1438 344 1480 ἐπὶ
375 1442 443 1493 τῆς
474 1441 658 1493 κεφαλῆς
691 1437 838 1492 φέρων,
889 1452 988 1480 cum
1021 1436 1255 1495 scriptura
1297 1436 1476 1480 tradita
1518 1436 1689 1494 optime
1723 1436 1948 1495 explicari

208 1508 368 1563 possit.
431 1508 550 1549 Nam
583 1508 704 1548 actio
738 1507 945 1560 „ferendi
976 1511 1188 1564 petasum
1222 1507 1266 1548 in
1300 1509 1470 1564 caput“
1501 1507 1702 1549 nondum
1736 1506 1948 1564 perfecta

212 1578 514 1634 significatur,
562 1577 608 1619 id
640 1577 760 1634 quod
793 1580 988 1634 apparet
1035 1591 1090 1619 ex
1122 1591 1211 1634 seq.
1246 1576 1505 1633 praesentis
1548 1576 1822 1634 participio:
1877 1575 1947 1619 καὶ

211 1648 412 1701 κρηπιδας
443 1640 783 1699 υποδουμενος
817 1666 867 1680 =
902 1646 1052 1688 soleas
1085 1645 1278 1703 pedibus
1311 1645 1564 1703 subligans.

359 1727 427 1770 IV
460 1729 498 1778 8,
531 1729 568 1770 7.
602 1728 651 1770 8:
687 1742 744 1774 ως
775 1727 820 1769 δὲ
863 1727 1049 1781 διηγγέλη
1082 1744 1138 1769 τω
1174 1731 1254 1769 τῶν
1283 1724 1447 1776 ἈὶεΕαν
1430 1727 1582 1782 δρέων
1614 1721 1774 1783 πλήθει,
1829 1723 1949 1781 φόσςι

210 1814 258 1853 με
242 1797 327 1851 vl)
361 1793 442 1838 ὄντι
472 1793 545 1844 τοὶς
576 1791 737 1851 γνώμας
769 1810 1008 1855 κουφοτατῳ
1043 1832 1052 1841 .
1086 1830 1093 1838 .
1130 1830 1152 1848 .,
1185 1791 1274 1839 τότε
1306 1797 1351 1840 δὲ
1383 1796 1466 1853 (Α)
1499 1792 1736 1854 {Em-:dmm
1767 1794 1837 1853 τὴν
1872 1800 1946 1840 τοῦ

212 1867 350 1920 βασιὶέ
335 1882 411 1913 (υς
443 1863 619 1920 σπουδην
651 1865 1086 1922 κτὶ.801·ἰρέωειῐη
1119 1867 1357 1909 turbatam
1399 1883 1496 1910 esse
1545 1883 1600 1910 ex
1632 1883 1681 1910 eo
1730 1867 1945 1919 efficitur,

213 1935 333 1994 quod
365 1935 657 1979 enuntiatum
696 1934 966 1993 primarium
1000 1935 1309 1980 consociatum
1334 1952 1435 1980 cum
1456 1937 1758 1981 antecedente
1790 1953 1950 1981 secun-

213 2005 341 2047 dario
375 2005 611 2046 exordium
653 2004 796 2046 sumit
835 2019 981 2061 neque
1028 2019 1055 2046 a
1086 2006 1248 2047 vocula
1291 2006 1334 2047 δὲ
1378 2020 1524 2063 neque
1565 2021 1592 2048 a
1623 2003 1713 2048 τότε
1745 2007 1790 2048 δὲ
1840 2009 1949 2059 (non

212 2074 302 2118 huc
333 2072 554 2117 videlicet
585 2072 815 2117 referendi
847 2077 958 2117 sunt
989 2073 1088 2127 loci,
1124 2074 1284 2133 quales
1317 2074 1385 2118 IV
1421 2077 1484 2129 15,
1518 2077 1563 2131 '73
1598 2075 1641 2119 V
1672 2077 1711 2129 8,
1745 2078 1804 2131 8).
1853 2076 1949 2121 Nec

211 2159 335 2197 vero,
370 2144 410 2185 si
442 2143 552 2200 quid
569 2142 713 2194 video,
748 2143 847 2185 ulla
879 2158 951 2186 res
984 2144 1152 2196 obstat,
1185 2145 1427 2224 quominus
1459 2146 1751 2198 adducamur,
1784 2150 1839 2190 ut
1858 2146 1948 2190 He-

212 2213 454 2258 rodianum
485 2213 687 2271 priorum
704 2214 742 2267 2)
775 2229 897 2256 more
930 2213 1207 2271 scriptorum
1240 2215 1477 2272 scripsisse
1510 2211 1598 2258 τότε
1640 2213 1698 2271 δὴ
1722 2218 1752 2271 ¹)
1795 2217 1961 2261 creda-

214 2298 326 2325 mus.
390 2282 624 2339 Scriptum
658 2283 776 2325 enim
810 2285 910 2325 erat
942 2282 989 2324 in
1022 2283 1264 2340 archetypi
1302 2283 1409 2327 libri
1451 2299 1589 2328 versu
1630 2300 1719 2344 seq.
1766 2278 1949 2342 υποδοχὴ

213 2350 261 2407 δὴ
295 2352 371 2395 vel
404 2352 572 2409 potius,
607 2351 768 2409 quod„
777 2354 830 2394 a·“
860 2352 1061 2408 praebet,
1096 2346 1277 2408 υποδοχή
1311 2354 1368 2404 δὲ,
1402 2358 1449 2397 et
1472 2354 1648 2398 voculis
1681 2354 1729 2410 δὴ
1763 2359 1810 2399 et
1842 2358 1888 2398 δὲ

211 2421 400 2463 librario
423 2421 567 2463 oculis
591 2421 649 2462 ad
671 2421 859 2463 verbum
888 2421 944 2472 δὲ,
979 2421 1098 2477 quod
1120 2422 1256 2478 paulo
1289 2426 1395 2479 post
1414 2423 1669 2479 legebatur,
1703 2425 1948 2469 aberrante
1968 2432 1971 2434 “

214 2490 418 2534 confusis
451 2494 554 2533 orta
587 2494 659 2533 est
689 2490 772 2533 illa
805 2489 1037 2547 scriptura
1069 2490 1201 2533 falsa.
1267 2491 1334 2534 Ob
1366 2507 1464 2535 eam
1497 2509 1591 2536 rem
1633 2494 1950 2551 scripserimus

211 2553 303 2601 τότε
335 2557 384 2615 δὴ
418 2563 465 2602 et
498 2575 599 2602 cum
632 2559 787 2601 aldina
819 2558 1018 2602 editione
1051 2559 1095 2601 in
1128 2575 1266 2603 versu
1299 2576 1390 2619 seq.
1423 2555 1607 2618 ὃποδοχή
1641 2563 1698 2607 δὲ.

358 2640 429 2683 IV
460 2641 498 2693 9,
524 2643 573 2684 6:
608 2633 851 2694 ὠπλισμένοι
882 2655 924 2681 τε
957 2636 1149 2688 ἀόπλους.
1185 2641 1359 2684 Contra
1383 2642 1455 2694 Μ.,
1490 2644 1567 2700 qui
1599 2646 1806 2688 omnibus
1837 2647 1950 2689 locis

217 2711 457 2767 scripserit
488 2707 657 2759 ἄοπλος,
692 2725 775 2765 ego
808 2708 1003 2767 quidem,
1036 2725 1137 2751 cum
1169 2710 1424 2754 Herodiani
1454 2712 1747 2758 iterationem
1780 2715 1949 2759 formu-

358 2848 385 2893 1)
411 2849 528 2882 Locus
554 2848 695 2888 similis,
724 2848 785 2881 ubi
811 2850 1011 2891 particulae
1038 2848 1092 2894 μέν
1119 2860 1185 2883 non
1223 2852 1390 2894 opposita
1427 2855 1483 2886 est
1517 2854 1697 2897 particula
1722 2853 1765 2895 δέ,
1807 2857 1862 2889 est
1900 2855 1952 2889 IV

212 2910 244 2950 8,
270 2908 309 2950 6;
335 2908 423 2941 item
449 2907 500 2940 IV
515 2908 547 2946 2,
565 2907 586 2939 7
611 2901 637 2939 δ’
663 2906 741 2941 sine
768 2917 874 2940 causa
899 2908 944 2940 ab
961 2905 1153 2941 Irmischio
1177 2907 1226 2952 (δὲ
1253 2910 1297 2942 ab
1313 2909 1509 2957 Stephano)
1535 2913 1719 2956 expletum
1745 2914 1817 2947 vid.
1840 2914 1949 2946 etiam

214 2966 287 2999 VII
313 2966 346 3008 9,
375 2966 418 2997 10
444 2966 481 2997 et
508 2964 664 3006 saepius.

351 3022 379 3068 ²³)
407 3023 458 3057 Cf.
487 3020 664 3056 Kuelmer
689 3022 748 3056 Gr.
776 3020 795 3067 ξ
820 3022 889 3055 486
913 3022 993 3057 adn.
1019 3024 1050 3056 5.
