2117 3478
916 187 1199 230 -19-

192 295 334 339 verba
377 297 708 355 praepositioni
740 298 794 348 εἰς
825 300 903 355 (ἐς)
945 302 1190 346 subiuncta
1233 305 1672 363 contemplabimur,
1716 305 1919 351 invenie-

193 380 306 420 mus,
351 367 530 426 plura
562 371 616 412 ut
646 370 985 428 praepositione
1033 371 1074 421 ἐς
1121 372 1323 418 formata
1363 374 1470 427 sint,
1512 378 1697 420 tantum
1744 376 1918 430 abesse,

193 438 247 477 ut
289 451 469 493 prope
511 452 740 495 semper
785 439 840 486 εἷς
878 439 1099 496 legamus,
1151 442 1384 485 rarissime
1437 443 1478 491 ἐς
1524 444 1634 500 (vid.
1675 444 1751 487 ΠΙ
1797 446 1836 499 7,
1869 447 1921 489 6:

194 503 443 560 ἐσέβαλον),
477 506 609 550 velut
641 507 696 551 cf.
730 507 756 551 I
789 509 854 562 17,
888 510 937 564 33
983 509 1061 553 III
1093 511 1159 564 12,
1192 511 1241 566 2;
1288 511 1331 555 V
1362 512 1400 565 3,
1439 513 1515 567 12;
1563 512 1644 567 VI,
1678 515 1716 567 5,
1749 515 1796 569 8;
1830 514 1922 559 VII

193 574 232 625 5,
266 575 303 617 3.
339 576 378 628 9,
411 576 450 620 7.
483 576 531 630 9;
564 592 681 634 resp.
717 578 856 620 etiam
879 578 973 622 VII
1010 580 1071 632 12,
1101 580 1130 622 4
1162 583 1209 622 et
1240 581 1322 635 al.;
1357 585 1519 624 contra
1550 597 1604 624 ea
1636 582 1693 626 cf.
1716 583 1923 642 Appiani

195 644 481 704 aliorumque
513 646 666 690 libros.

331 726 356 769 I
374 728 412 780 7,
434 727 459 771 3
492 720 720 784 timia-cmv)
752 724 994 783 θεασόμενοι
1024 731 1129 787 plus
1152 745 1288 788 quam
1307 736 1585 789 suspectum,
1619 733 1788 792 quippe
1820 748 1921 777 cum

195 797 591 855 ap.Herodianum
625 798 760 842 huius
782 799 913 842 verbi
945 814 1123 857 semper
1154 800 1380 843 medium
1414 801 1563 857 (velut
1586 802 1662 845 ΙΙΙ
1683 803 1747 854 11,
1782 803 1821 845 3.
1846 804 1921 856 12,

194 867 243 922 8;
277 866 318 911 V
348 868 388 919 4,
421 868 479 923 5),
513 883 746 927 nunquam
778 868 983 912 activum
1015 869 1236 926 legamus.
1281 869 1435 924 Quare
1467 871 1662 916 velimus
1693 872 1925 917 scribatur

196 930 439 993 ιῗπηντῶντο,
473 938 602 981 cuius
635 938 862 996 syllabam
896 954 939 980 το
973 942 1225 982 extremam
1270 940 1521 997 repetimus
1564 956 1618 984 ex
1658 941 1791 985 initio
1834 957 1923 1001 seq.

195 1007 325 1051 verbi
355 1001 608 1064 θεασόμενοι,
643 1009 761 1067 quod
791 1012 840 1051 θε
872 1009 995 1052 haud
1027 1009 1281 1053 difficulter
1324 1024 1380 1053 ex
1419 1025 1463 1052 το
1505 1010 1615 1054 oriri
1645 1012 1821 1069 potuit3
1870 1027 1925 1056 ex

195 1078 279 1121 hoc
312 1082 465 1122 autem
497 1078 741 1135 archetypi
786 1079 891 1122 libri
917 1079 1107 1122 verbum
1143 1076 1413 1134 ἀσπασόμενοι
1451 1080 1526 1133 (cf.
1570 1080 1710 1123 etiam
1743 1081 1768 1124 I
1805 1083 1843 1134 7,
1876 1083 1923 1137 2;
1984 1086 1988 1089 “

195 1146 265 1191 IV
301 1148 371 1202 15,
397 1148 440 1205 1)
473 1161 743 1191 censeamus
775 1147 999 1205 cognosci,
1035 1147 1165 1191 cuius
1196 1147 1437 1191 litterulae
1467 1164 1549 1190 πασ
1579 1152 1684 1207 post
1717 1164 1769 1192 ασ
1799 1150 1926 1208 ipsae

196 1232 279 1275 per
321 1233 369 1261 se
401 1217 541 1261 facile
573 1217 922 1261 interciderunt.

333 1297 384 1340 Π
414 1298 453 1350 9,
487 1298 540 1341 13
571 1298 713 1341 verba
744 1294 996 1354 ψευσάμενος
1025 1295 1125 1353 πρὸς
1155 1296 1200 1339 τὸ
1231 1299 1437 1353 χρειῶδες,
1490 1313 1606 1357 quae
1637 1314 1664 1342 a
1696 1298 1924 1344 Politiano

196 1366 244 1409 in
274 1367 661 1425 interpretatione
709 1367 876 1409 omissa
916 1367 1064 1410 obiter
1093 1367 1338 1410 illustrant
1383 1362 1481 1423 μήτε
1522 1364 1646 1423 ὅρκου
1679 1364 1924 1424 φειδόμενος,

197 1452 297 1480 cum
314 1435 685 1480 Mendelssohnio
712 1436 918 1479 eicienda
945 1451 1043 1480 esse
1073 1440 1200 1494 puto,
1234 1438 1302 1480 ita
1323 1440 1491 1488 tamen,
1525 1441 1579 1480 ut
1608 1438 1655 1480 in
1681 1453 1798 1481 vers.
1833 1453 1923 1496 seq.

196 1521 381 1550 necesse
411 1504 475 1549 sit
505 1505 759 1549 scribamus
790 1505 1034 1562 προιέμενος,
1068 1504 1188 1564 quod
1212 1505 1269 1549 M.
1304 1509 1351 1549 et
1381 1505 1479 1563 ipse
1511 1506 1789 1564 suspicatur,
1823 1523 1924 1551 cum

196 1575 280 1619 hoo
311 1574 609 1633 participium
639 1575 880 1618 inductum
913 1575 1232 1618 coniunctione
1263 1590 1307 1616 τε
1337 1575 1615 1632 respondeat
1654 1575 1796 1634 priori
1827 1571 1927 1632 μήτε

134 1689 138 1691 ,
198 1641 326 1702 ὅρκου
358 1637 604 1700 φειδόμενος.
665 1644 722 1688 In
753 1644 997 1703 archetypi
1028 1648 1182 1688 autem
1214 1644 1451 1703 participii
1497 1644 1680 1702 syllaba
1722 1649 1926 1689 extrema

197 1717 389 1772 propter
419 1713 685 1758 litterarum
727 1714 1057 1757 similitudines
1104 1728 1195 1771 seq.
1246 1713 1373 1757 verbi
1413 1710 1492 1755 ὅσα
1539 1713 1674 1757 facile
1718 1714 1926 1758 excidere

198 1782 365 1839 potuit,
397 1782 517 1826 unde
550 1783 784 1840 scriptura
813 1784 983 1839 npoiew
1008 1787 1112 1827 orta
1143 1799 1241 1826 esse
1273 1783 1470 1826 videtur.
1533 1783 1653 1826 Item
1684 1783 1735 1826 II
1778 1785 1842 1836 10,
1874 1787 1901 1827 7

200 1848 338 1895 σπάνει
367 1856 441 1895 τοῦ
470 1851 569 1908 μετὰ
616 1848 802 1909 ἀνδρείας
832 1852 899 1895 καὶ
930 1847 1142 1909 σώφρονος
1184 1849 1416 1907 διοικήσεως
1448 1848 1642 1908 ἄρξαντος
1684 1852 1782 1896 sine
1825 1869 1928 1897 con·

199 1922 433 1965 iunctione
492 1922 548 1964 ab
605 1922 938 1979 interpolatore
997 1922 1378 1965 antecedentibus
1424 1921 1586 1964 addita
1650 1922 1927 1980 interpreta-

199 1994 403 2034 mentum
448 1991 690 2035 verborum
723 1994 848 2034 certo
881 1990 1300 2035 Herodianeorum:
1348 1994 1404 2051 τῷ
1434 1990 1586 2045 μηδένα
1616 1983 1926 2047 εᾶρίσκεσθαιῖ)

198 2058 265 2102 τὸν
298 2056 407 2108 ἄξιον
440 2063 507 2115 τῆς
540 2056 670 2115 ἀρχῆς
702 2056 906 2114 ἐσόμενον,
939 2063 993 2102 ut
1024 2059 1228 2102 insiticia
1259 2058 1451 2102 delenda
1483 2063 1606 2102 sunt.

344 2140 396 2184 II
429 2141 494 2194 11,
528 2142 576 2184 8:
609 2141 739 2196 ἔρυμα
771 2135 971 2196 ἄρρηκτόν
1003 2157 1045 2183 τε
1075 2140 1171 2183 καὶ.
1197 2175 1205 2183 .
1241 2174 1249 2183 .
1283 2174 1292 2183 .
1326 2138 1498 2183 Locum
1530 2140 1815 2185 laborantem
1847 2157 1929 2185 nee

201 2208 480 2267 Sylburgius
512 2208 816 2264 (δυσδιάβατον)
847 2209 1156 2252 necReiskius
1179 2207 1368 2265 (ἄβατον)
1399 2224 1481 2252 nec
1503 2209 1775 2253 Irmischius
1806 2205 1929 2266 (δυ’σ-

206 2281 346 2333 βατον)
378 2278 576 2321 sanavit.
638 2278 784 2321 Recta
814 2279 1027 2321 vocabuli
1058 2278 1303 2335 supplendi
1335 2278 1411 2320 via
1446 2279 1575 2321 nobis
1608 2280 1857 2336 aperietur,
1891 2280 1931 2322 si

202 2347 538 2406 respexerimus
578 2347 893 2391 Herodianeas
924 2347 1224 2394 imita-tiones,
1286 2346 1400 2391 Cum
1441 2350 1595 2390 autem
1627 2361 1682 2390 ex
1713 2347 1783 2402 iis,
1815 2362 1933 2407 quae

205 2433 345 2476 supra
378 2418 575 2462 diximus
589 2419 648 2473 3),
682 2418 951 2475 scriptorem
984 2433 1082 2461 cum
1115 2421 1278 2475 poetas
1309 2417 1544 2460 imitatum
1577 2432 1674 2461 esse
1697 2423 1932 2476 appareat,

202 2491 302 2531 tum
334 2487 597 2540 Homerum,
630 2487 766 2530 facile
799 2487 888 2530 erit
917 2487 1123 2530 invenire
1155 2487 1291 2539 locos,
1324 2486 1484 2544 quales
1523 2485 1580 2528 Il.
1625 2486 1690 2539 13,
1724 2487 1820 2530 360.
1854 2487 1931 2542 37;

205 2557 284 2601 Od.
319 2558 358 2610 8,
392 2558 489 2605 275,
523 2557 603 2600 ubi
633 2556 913 2600 adiectivum
946 2553 1146 2611 ἄρρηκτος
1194 2571 1295 2599 cum
1328 2553 1518 2603 ἅλυτος
1561 2554 1790 2598 adiectivo
1833 2572 1934 2599 con-

203 2626 413 2669 iunctum
466 2626 676 2684 legimus.
757 2624 1007 2669 Scribimus
1058 2624 1205 2681 igitur
1266 2624 1364 2667 sine
1430 2623 1740 2667 dubitatione:
1804 2625 1935 2681 ἔρυμα

206 2691 410 2751 ἄρρηκτόν
451 2711 494 2738 τε
524 2696 593 2739 καὶ
624 2692 833 2739 ἄλυτον.
1730 2703 1733 2704 ’

346 2906 373 2951 ¹)
398 2906 478 2941 Vid.
505 2907 616 2940 etiam
640 2906 676 2941 h.
701 2905 846 2940 dissert.
871 2916 906 2949 p.
935 2906 974 2938 11
1002 2907 1039 2939 et
1063 2905 1143 2939 adn.
1168 2906 1201 2938 2.
1446 2953 1449 2956 ξ

344 2966 372 3007 2)
398 2965 450 2998 cf.
476 2965 586 2998 etiam
611 2965 671 2997 111
697 2964 726 3004 1,
752 2965 792 3005 2;
818 2964 869 2996 vt
893 2964 925 3004 8,
952 2964 992 3004 7;
1017 2964 1103 2996 item
1128 2973 1185 3005 ap.
1209 2963 1336 3004 Polyb.
1361 2964 1416 3003 23,
1444 2963 1476 3003 3,
1502 2963 1523 2994 6
1549 2965 1585 2994 et
1610 2972 1773 3005 persaep.

346 3021 374 3064 Β)
399 3021 453 3055 cf.
480 3020 557 3055 har.
583 3022 721 3063 quaest.
745 3029 780 3063 p.
809 3020 848 3053 11
876 3029 903 3054 s.

1737 3076 1779 3111 2.
