2117 3478
929 161 1216 204 *21-

341 271 420 316 ΙΙΙ
462 273 528 328 12,
570 274 616 321 9:
669 272 751 333 ἤδη
794 275 838 319 δὲ
888 271 1188 333 παρεσκευάκει
1236 276 1259 321 ὅ
1296 279 1477 335 Σεβῆρος
1528 279 1686 329 νεανίας
1725 284 1807 323 τῶν
1847 294 1939 336 περι

205 335 324 386 αότιὶν
356 339 731 403 σωματοφυλάκων.
802 346 1118 392 Monacensem
1152 348 1352 394 codicem
1383 349 1422 394 si
1454 349 1678 404 conferas,
1725 350 1935 396 invenies

204 428 256 457 eo
288 414 514 458 traditum
547 430 646 461 esse
676 417 764 460 καὶ
812 421 919 476 post
957 415 1252 473 παρεσκευάκει
1281 433 1309 462 a
1338 418 1707 464 Mendelssohnio
1748 420 1934 466 silentio

202 485 593 541 praetermissum,
644 487 764 546 quod
794 482 985 546 propter
1015 488 1363 532 similitudinem
1395 489 1659 534 litterarum
1699 507 1754 534 π.
1779 523 1789 532 .
1809 523 1818 532 .
1842 526 1850 535 .
1873 491 1939 534 κεὶ

203 581 259 586 -—
289 554 359 598 καὶ
391 555 596 600 excidere
627 556 764 601 facile
796 557 1002 616 potuisse
1034 557 1331 601 manifestum
1373 562 1456 602 est.
1519 558 1622 614 Qua
1662 559 1828 604 vocula
1867 575 1932 604 re-

204 629 339 683 cepta
381 627 640 671 sententiae
683 628 980 672 cohaerentes
1023 628 1168 671 multo
1212 628 1362 671 artius
1403 633 1717 674 conectantur.
1790 630 1934 675 Hero-

203 694 370 741 dianus
402 698 521 742 enim
554 697 704 742 dicere
736 698 865 743 vult:
899 697 1181 742 Saturninus
1211 697 1428 743 tribunus
1459 703 1514 743 ut
1543 699 1843 744 Plautianum
1875 700 1933 744 ad

203 764 413 811 fraudem
454 768 706 826 pelliceret,
759 783 1057 827 quaecunque
1104 767 1280 826 potuit,
1331 768 1457 812 fecit.
1518 768 1716 828 Jamque
1757 770 1933 814 etiam

204 836 418 892 Severus,
452 838 808 896 quoddebebat,
842 838 1029 883 fecerat.
1093 836 1456 896 Comparaverat
1488 839 1606 882 enim
1629 839 1808 897 aliquot
1839 855 1935 883 cor-

203 907 327 964 poris
359 907 584 961 custodes,
618 908 697 967 qui
726 908 800 951 illi
832 906 1091 952 cubiculum
1123 907 1330 965 ingresso
1362 922 1524 952 manus
1557 908 1793 952 inicerent.

341 988 410 1032 IV
439 989 479 1044 4,
515 992 560 1032 1:
612 989 691 1033 εἴτε
721 985 798 1046 γάρ
830 983 1031 1046 ἡγεμόνας
1060 984 1091 1045 ἢ
1121 986 1322 1045 ἄρχοντας
1351 989 1463 1033 ἔδει
1502 996 1638 1044 ποιεῖν,
1671 1025 1680 1034 .
1714 1025 1723 1035 .
1759 1025 1768 1035 .
1802 1026 1811 1035 .
1854 991 1934 1034 εἴτε

204 1053 471 1108 δικάζοιεν
503 1062 585 1102 κτλ.
620 1059 725 1102 Etsi
757 1059 996 1117 scripto-ris
1029 1059 1234 1102 studium
1265 1059 1480 1102 variandi
1497 1061 1529 1115 ¹)
1561 1064 1720 1103 notum
1753 1064 1835 1114 est,
1882 1076 1932 1104 eo

203 1133 358 1173 tamen
388 1129 729 1173 inconstantiae
758 1144 1052 1187 progressum
1086 1145 1199 1183 esse,
1251 1133 1305 1173 ut
1337 1129 1530 1173 duorum
1574 1130 1729 1174 eodem
1768 1146 1933 1187 genere

204 1199 552 1243 enuntiatorum
584 1198 963 1242 condicionalium
995 1203 1205 1257 tempora
1237 1200 1450 1257 (excepta
1482 1199 1689 1243 oratione
1732 1199 1932 1259 obliqua)

202 1268 505 1328 permisceret
534 1268 615 1322 ita,
658 1272 713 1313 ut
743 1268 882 1313 unius
913 1268 1043 1313 verbi
1073 1267 1390 1324 indicativum,
1433 1269 1628 1313 alterius
1670 1269 1932 1328 optativum

203 1340 438 1393 scriberet,
473 1354 553 1382 cur
584 1343 820 1396 arguatur,
856 1354 996 1382 causa
1028 1343 1100 1382 est
1130 1340 1275 1384 nulla.
1335 1340 1453 1382 Leni
1484 1344 1639 1383 autem
1673 1340 1931 1382 mutatione

203 1409 324 1454 effici
354 1413 510 1468 potest
541 1409 689 1454 oratio
731 1408 985 1467 aptissima.
1048 1408 1119 1453 Ex
1157 1409 1309 1455 verbis
1352 1409 1470 1453 enim
1516 1409 1594 1453 εἴτε
1638 1404 1835 1461 δικάζοιεν
1867 1408 1931 1453 in-

203 1478 363 1523 venire
412 1479 524 1522 mihi
575 1479 736 1523 videor
784 1494 918 1537 posse
960 1478 1273 1523 Helodianeat
1334 1475 1450 1533 εἴτ’ἳ)
1502 1479 1771 1531 ἐδίκαζον,
1819 1493 1933 1537 quae

203 1548 419 1592 abierunt
449 1548 497 1592 in
529 1548 746 1601 codicum,
780 1549 859 1606 qui
892 1551 1092 1601 exstant,
1125 1547 1418 1605 scripturam.

340 1629 411 1674 IV
440 1631 480 1682 4,
514 1631 560 1672 7:
612 1624 771 1672 κελεύει
799 1646 842 1672 τε
875 1626 1129 1678 ἀπελθόντας
1161 1625 1308 1677 advoc<
1337 1625 1417 1685 ἤδη
1452 1621 1725 1684 ιῗποδέχεσθαι
1756 1662 1764 1671 .
1785 1662 1794 1671 .
1815 1662 1825 1671 .
1842 1631 1934 1682 μιᾶς

201 1716 244 1742 τε
274 1698 428 1755 ἡμέρας
460 1695 637 1754 ἀφειδῶς
669 1698 815 1753 ἐκχέας
845 1695 974 1741 πάντα
1005 1701 1090 1742 κτλ.
1153 1700 1206 1741 Τε
1236 1698 1464 1755 glossema
1498 1713 1598 1742 cum
1630 1697 1851 1754 Berglero
1884 1701 1933 1740 et

202 1768 410 1811 Bekkero
443 1768 765 1826 expellendum
798 1772 880 1811 est.
942 1768 1016 1809 Ab
1047 1767 1307 1810 Herodiano
1340 1767 1457 1810 enim
1498 1767 1684 1823 linguae
1725 1766 1931 1812 Graecae

202 1852 336 1880 usum
366 1838 635 1896 neutiquam
668 1838 779 1881 adeo
812 1838 1073 1894 neglectum
1114 1852 1225 1890 esse,
1270 1841 1325 1881 ut
1356 1837 1403 1880 in
1444 1837 1542 1881 eius
1584 1836 1793 1881 oratione
1833 1852 1934 1880 con-

203 1906 428 1950 iunctioni
458 1922 501 1949 τε
532 1906 578 1949 in
612 1906 929 1950 enuntiato
960 1906 1244 1964 primario
1275 1906 1551 1965 respondeat
1590 1921 1633 1947 τε
1664 1905 1927 1949 coniunctio

203 1975 364 2019 addita
394 1975 729 2033 participio
761 1991 851 2021 non
893 1990 992 2020 esse
1041 1975 1254 2030 arbitror,
1304 1976 1423 2035 quod
1470 1974 1690 2034 exemplis
1735 1974 1932 2033 prolatis

204 2058 424 2087 evmcam.

347 2124 416 2167 IV
446 2125 486 2177 5,
520 2125 569 2167 l:
617 2118 865 2179 ὥπλισμένου
897 2127 1049 2179 μᾶλλον
1090 2120 1120 2179 ἢ
1150 2125 1246 2171 ἔθος
1277 2122 1361 2166 ἐστὶ
1390 2124 1589 2177 βασιλέως
1619 2119 1931 2178 προπομπεύειν.

204 2194 328 2238 Cave
361 2209 529 2252 quaeso
561 2209 662 2237 cum
694 2194 743 2236 F.
777 2193 833 2236 A.
868 2193 1034 2236 Wolfio
1066 2194 1301 2236 meliorum
1336 2193 1552 2236 ‘codicum
1600 2193 1747 2248 (01)3)
1787 2193 1931 2235 verba

204 2264 400 2317 βασιλέως
427 2257 721 2318 προπομπεύειν
761 2261 976 2317 (βασιλέα
1015 2257 1311 2317 προπομπεύειν
1344 2282 1397 2297 =
1429 2276 1500 2318 ag,
1550 2261 1673 2305 falsa
1718 2260 1937 2304 videlicet

206 2333 363 2388 lectio)
393 2335 543 2376 mutes
590 2332 636 2374 in
676 2331 843 2385 βασιλέα
882 2330 1136 2385 προπέμπειν.
1181 2330 1298 2374 Nam
1340 2331 1471 2374 verbi
1509 2325 1804 2386 προπομπεύειν
1834 2328 1937 2379 τινὸς
1986 2354 1991 2358 -

204 2401 479 2459 significatio
495 2403 550 2459 4):
618 2400 850 2457 „anteire,
910 2399 1182 2443 antecedere
1230 2400 1453 2458 aliquem“
1523 2403 1596 2443 est
1636 2413 1743 2442 vere
1786 2398 1930 2442 Hero-

204 2472 381 2515 dianea.
434 2470 656 2515 Conferas
701 2469 840 2513 velim
889 2468 1080 2527 exempli
1122 2483 1262 2512 causa
1300 2468 1342 2512 V
1374 2470 1413 2523 6,
1454 2469 1510 2525 83
1550 2467 1602 2512 II
1635 2468 1702 2521 13,
1733 2468 1775 2511 2.
1836 2467 1933 2512 Nec

205 2556 314 2584 vero
334 2544 459 2599 ‘puto
507 2533 647 2584 causa
686 2541 768 2593 est,
821 2538 1121 2597 quamobrem,
1174 2541 1229 2581 ut
1268 2537 1535 2596 suspicatur
1573 2536 1648 2591 M„
1700 2536 1931 2582 violenter

346 2719 375 2764 1)
403 2719 455 2754 Cf.
480 2717 686 2764 hffdissert.
712 2729 747 2762 p.
773 2717 816 2751 18
840 2715 919 2751 adn.
944 2716 977 2751 2.

342 2777 372 2821 2)
396 2777 448 2810 De
475 2771 526 2810 εἴτ’
553 2795 598 2800 ——
623 2773 695 2818 εἴτε,
721 2772 781 2810 εἴτε
805 2793 851 2801 -·
874 2769 930 2808 εἴθ’
958 2775 1026 2807 etc.
1052 2772 1097 2806 cf.
1122 2772 1172 2805 Iv
1197 2772 1228 2812 7,
1252 2772 1292 2814 43
1317 2771 1378 2805 111
1401 2772 1433 2813 8,
1460 2772 1503 2814 2;
1528 2772 1574 2806 al.

347 2835 379 2879 ⁸)
405 2833 595 2877 Significat
643 2833 672 2868 Ο
715 2832 906 2867 secundum
948 2827 1216 2864 Mendelssohni
1253 2828 1338 2863 edit.
1376 2828 1519 2863 codices
1551 2828 1778 2863 Monacensis
1812 2839 1860 2860 =
1893 2827 1936 2868 A,

205 2893 494 2928 vindobonensis
519 2905 564 2926 ε..-
588 2894 629 2938 Β,
652 2893 810 2927 Venetus
835 2902 881 2923 =
904 2890 957 2932 V,·
995 2889 1009 2922 i
1034 2886 1174 2922 codices
1198 2886 1386 2920 Leidensis
1411 2899 1457 2920 =
1482 2898 1515 2929 g,
1553 2886 1817 2921 Laurentianus
1842 2897 1889 2919 =
1911 2886 1935 2927 1,

206 2951 274 2986 ald.
302 2952 388 2987 edit.
414 2964 460 2985 =
483 2962 515 2985 a.

345 3009 375 3055 ⁴)
399 3009 452 3043 Cf.
481 3009 591 3042 etiam
615 3006 761 3041 Kettler
783 3016 818 3049 p.
847 3005 888 3038 12
