2117 3478
909 192 1202 234 -16-

1008 310 1102 352 Β.

326 405 377 449 In
409 409 611 449 extremo
643 403 726 447 hoc
759 402 966 461 capitulo
990 404 1022 458 ¹)
1067 402 1159 446 iam
1192 406 1447 461 sequentur
1490 419 1641 463 pauca
1682 404 1767 448 illa
1799 420 1933 450 voca·

185 477 307 530 bula,
340 491 456 534 quae
487 474 609 533 apud
639 472 955 517 Herodianum
1003 478 1088 517 aut
1119 489 1288 517 unum
1334 477 1419 517 aut
1449 474 1703 532 primum
1735 475 1866 533 legas
1881 477 1931 532 2).

322 546 453 588 Illa
484 548 639 588 autem
673 547 805 586 sunt:

896 664 925 691 1.
961 653 1209 692 adiectiva:

321 726 655 786 ἅκατασήμαντος
693 730 770 774 III
803 731 869 785 11,
903 731 950 786 9,
993 725 1207 780 ἑξάπωλος
1241 730 1283 775 V
1314 732 1353 785 6,
1388 732 1437 787 7,
1471 727 1725 789 πρόσκτητος
1756 732 1781 776 Ι
1812 733 1853 788 5,
1876 733 1930 789 5,

184 801 466 849 ιῗποκολπὶδιος
496 801 592 846 VII
624 803 662 855 6,
695 803 745 856 7,
779 798 1001 857 φθορώδης
1031 801 1054 843 Ι
1087 801 1153 855 12,
1188 804 1240 857 2,
1293 795 1570 858 ψιλοκόρσης
1585 803 1622 857 3)
1654 802 1725 846 IV
1756 804 1796 856 8,
1829 804 1869 846 5.

930 921 965 951 2.
1001 911 1147 950 verba
1161 921 1168 949 :

319 987 604 1045 ἐγκραιπαλάω
635 989 687 1033 II
720 991 785 1044 10,
820 991 872 1047 6,
914 991 1153 1047 Εῑφηφορέω
1186 990 1282 1034 VII
1316 992 1383 1043 11,
1414 991 1443 1034 4
1494 990 1572 1047 (ef.
1606 990 1718 1034 Lob.
1751 990 1925 1050 Phryn.

180 1061 276 1104 678.
310 1061 432 1115 681),
467 1064 628 1104 contra
660 1060 716 1104 cf.
750 1060 989 1119 Theophil.
1024 1061 1142 1106 Inst.
1177 1063 1215 1115 2,
1252 1062 1328 1105 1οε
1362 1061 1617 1118 ξιφοφορέω,
1667 1061 1930 1118 προέγκειμαι

176 1129 200 1172 1
235 1129 300 1182 17,
339 1130 413 1183 10,
466 1122 735 1184 ὄποῖντομαι4)
767 1130 836 1172 IV
871 1131 937 1183 11,
970 1132 1023 1187 2,
1075 1130 1198 1174 VIII
1231 1133 1269 1183 7,
1301 1131 1329 1173 8
1381 1133 1490 1185 (non
1522 1134 1801 1188 usurpatum
1836 1131 1928 1174 nisi

177 1214 293 1256 pers.
327 1199 403 1242 III
435 1198 549 1255 sing.
582 1199 717 1243 indic.
750 1199 965 1258 imperfi).

315 1268 369 1311 In
402 1268 502 1311 his
534 1268 825 1326 potissimum
859 1274 970 1313 sunt
1001 1270 1289 1313 numeranda

820 1390 850 1417 1.
906 1379 1252 1418 substantivum
1265 1389 1273 1417 z

311 1451 595 1511 ἧπατοσκοπία
628 1457 751 1500 VIII
783 1459 821 1509 3,
855 1460 902 1511 7,
938 1458 995 1501 cf.
1029 1458 1196 1501 Euseb.
1231 1458 1358 1501 Dem.
1394 1458 1480 1501 Ev.
1512 1474 1553 1515 p.
1578 1459 1664 1501 209
1688 1458 1746 1512 Ῐ),
1781 1457 1923 1513 Greg.

175 1526 312 1585 Nyss.
347 1531 378 1569 t.
413 1526 437 1569 I
468 1543 510 1584 p.
545 1527 628 1569 911
653 1526 716 1582 D,
751 1526 974 1584 Cyprian.
1000 1527 1208 1571 Confess.
1234 1528 1339 1571 Aet.
1364 1527 1445 1575 SS.
1469 1527 1724 1586 Septembr.
1758 1531 1791 1570 t.
1826 1526 1923 1570 VII

173 1611 214 1654 p.
248 1597 346 1648 222,
377 1597 446 1639 24.

885 1716 920 1743 2.
956 1705 1187 1743 adiectiva
1202 1715 1209 1742 :

313 1781 622 1838 ἆλλεπά).ληλος
666 1784 691 1826 Ι
725 1785 791 1835 17,
825 1786 875 1839 9,
927 1786 1039 1827 item
1073 1786 1129 1827 cf.
1163 1785 1319 1841 Etym.
1354 1785 1412 1827 M.
1461 1786 1527 1837 10,
1577 1785 1650 1838 11,
1698 1784 1794 1836 291,
1837 1785 1919 1838 37,

173 1851 325 1894 Nicet.
359 1851 476 1908 Eug.
511 1853 551 1904 5,
584 1852 691 1905 268,
740 1851 1014 1895 Theodoret.
1047 1852 1173 1895 Hist.
1204 1852 1329 1895 Eecl.
1376 1853 1415 1903 4,
1466 1852 1519 1895 19
1550 1856 1583 1894 t.
1616 1851 1694 1894 III
1738 1867 1779 1908 p.
1814 1852 1917 1905 995,

312 1917 495 1976 εᾶψυχής
526 1921 551 1962 Ι
588 1922 650 1972 12,
684 1922 738 1976 2,
770 1921 839 1962 VI
871 1923 910 1972 6,
934 1922 987 1975 4,
1022 1921 1078 1962 ef.
1114 1921 1299 1977 Antyll.
1332 1920 1379 1962 in
1400 1920 1566 1962 Matth.
1601 1920 1715 1962 med.
1750 1936 1792 1977 p.
1812 1921 1916 1974 233,

315 1986 588 2046 κατακάρδεος
620 1990 713 2034 VII
747 1992 813 2043 11,
849 1991 899 2042 3,
948 1991 1006 2035 cf.
1039 1990 1405 2048 Pseudo-Chrys.
1446 1993 1479 2033 t.
1515 1989 1610 2033 VII
1656 2005 1700 2047 p.
1730 1990 1828 2043 495,
1861 1991 1914 2045 8,

172 2060 323 2102 Anon.
359 2060 432 2102 Or.
468 2060 515 2101 in
548 2059 682 2102 Cruc.
716 2074 758 2115 p.
795 2060 878 2101 139
910 2059 964 2111 C,
999 2058 1155 2101 Const.
1189 2059 1390 2101 Manass.
1425 2058 1590 2100 Chron.
1626 2074 1666 2114 p.
1701 2059 1777 2112 97,

312 2123 491 2185 ψαυστός
522 2130 545 2173 Ι
580 2131 645 2184 11,
682 2132 725 2184 1,
761 2129 852 2173 vid.
887 2128 1028 2173 etiam
1060 2128 1229 2173 Jambl.
1263 2128 1311 2172 in
1330 2126 1503 2173 Nicom.
1530 2127 1690 2173 Geras.
1725 2127 1837 2186 p.81
1861 2127 1912 2173 B.

927 2249 964 2287 3.
998 2237 1165 2276 verba:

316 2313 570 2371 ἇποζώννυμι
600 2317 651 2359 ΙΙ
684 2318 750 2369 13,
783 2319 821 2360 8.
862 2318 924 2359 12.
960 2317 1024 2369 14,
1058 2318 1107 2370 5,
1163 2316 1283 2359 VIII
1314 2318 1355 2370 8,
1387 2318 1435 2371 2,
1485 2317 1543 2362 ef.
1590 2318 1730 2361 etiam
1763 2318 1913 2363 Schol.

172 2387 370 2430 Aristid.
405 2404 446 2445 p.
479 2390 548 2439 27,
581 2389 633 2442 2,
668 2387 855 2431 Basilio.
889 2389 928 2439 6,
960 2388 1028 2439 27,
1062 2389 1109 2441 3,
1143 2387 1206 2430 Ιο.
1241 2387 1397 2429 Malal.
1431 2403 1473 2444 p.
1506 2388 1603 2441 370,
1637 2387 1684 2442 3,
1732 2387 1910 2431 Justin.

173 2456 313 2503 Mart.
345 2473 386 2514 p.
422 2458 477 2500 93
511 2457 573 2507 D;

313 2526 590 2580 διαγρηγορέω
621 2525 698 2568 III
729 2527 767 2577 4,
815 2526 868 2579 4,
922 2526 978 2568 cf.
1022 2525 1106 2569 Ev.
1154 2525 1373 2568 Marcion.
1424 2541 1466 2582 p.
1513 2525 1600 2568 428
1646 2524 1715 2569 ed.
1759 2525 1909 2580 Thil.;

171 2592 366 2652 Niceph.
399 2595 537 2651 Greg.
570 2595 693 2638 Hist.
727 2595 839 2653 Byz.
872 2611 913 2653 p.
947 2596 1031 2639 205
1063 2594 1122 2650 F,

311 2664 601 2719 διασχολὲομαι
631 2663 727 2706 VII
757 2667 796 2716 6,
829 2666 878 2717 7,
912 2666 968 2708 cf.
1003 2665 1143 2707 etiam
1174 2664 1247 2707 Jo.
1282 2665 1489 2707 Cinnam.
1525 2665 1552 2704 4
1582 2679 1625 2720 p.
1659 2665 1741 2707 103
1774 2666 1831 2707 A.

312 2839 339 2882 l)
366 2840 417 2871 De
444 2839 637 2882 syntaxi
664 2838 891 2871 Herodianea
915 2839 986 2871 alio
1014 2839 1092 2871 loco
1119 2849 1159 2871 ac
1186 2841 1346 2881 tempore
1373 2838 1579 2881 disputabo.

305 2897 335 2938 2)
364 2897 415 2930 Cf.
444 2897 518 2930 har.
547 2899 685 2939 quaest.
711 2907 745 2939 p.
773 2898 793 2928 7
819 2896 899 2930 adn.
924 2897 965 2938 4,
993 2897 1036 2929 cf.
1064 2897 1171 2929 etiam
1197 2895 1341 2930 Kettler
1366 2907 1399 2938 p.
1426 2898 1447 2929 8
1474 2907 1523 2930 ss.

305 2955 332 2999 3)
359 2956 413 2989 Cf.
439 2956 546 2988 etiam
573 2952 750 2988 Poblockz·
773 2965 807 2997 p.
835 2954 891 2987 29.

305 3015 336 3058 4)
364 3015 417 3049 Cf.
443 3014 519 3048 har.
550 3014 731 3046 observat.
759 3023 793 3055 p.
823 3014 861 3044 11
889 3013 970 3048 adn.
997 3014 1029 3047 2.
