2117 3478
278 340 281 343 -
348 308 399 351 II
432 308 497 361 12,
531 308 551 348 1
586 307 801 350 lacunam
833 320 860 347 a
892 304 1080 348 Reiskio
1112 307 1220 362 post
1250 302 1393 347 πολλοὶ
1441 301 1748 359 significatam
1781 316 1952 359 negare

210 378 377 431 malim,
428 378 572 421 eicere
614 379 770 419 autem
813 375 1025 418 voculam
1059 370 1094 416 δ’
1124 378 1233 418 ante
1265 375 1317 427 ἐς,
1362 389 1450 431 quo
1482 371 1738 417 Herodiani
1770 375 1819 416 et
1851 387 1950 416 sen-

211 448 390 494 tentiae
424 451 471 492 et
504 444 775 491 elocutionis
806 444 929 488 ratio
961 444 1202 489 habeatur.

347 530 399 573 II
431 530 499 582 13,
534 528 586 571 11
620 527 803 583 αἰσχραῖς
824 527 891 569 καὶ
913 527 1165 583 ἐφυβρίστως
1188 522 1432 580 εἀλωκότες,
1458 525 1579 584 quod
1602 541 1757 569 omnes
1779 525 1953 569 habent

212 601 402 654 codices,
456 613 742 658 nequaquam
785 597 1138 656 interpolatoris
1191 597 1561 641 additamentum
1606 599 1689 651 est,
1740 595 1787 639 id
1829 595 1950 655 quod

211 671 476 729 suspicatur
506 667 929 721 Mendelssohnius,
974 667 1054 710 sed
1086 667 1157 710 his
1188 667 1365 720 verbis,
1407 671 1462 710 ut
1505 667 1717 710 omittam
1758 665 1951 709 senilem

211 740 555 800 loquacitatem,
591 739 922 783 confirmantur
954 738 1303 782 antecedentia:
1353 738 1663 795 μετεγίγνωσκον
1705 737 1750 780 δὲ
1792 736 1852 780 ἐπὶ
1889 741 1949 795 τῷ

211 805 411 861 ἀνόπλους
443 811 588 855 ἐλθεῖν.

346 879 424 936 1'11
456 895 493 945 5,
524 893 553 935 4
601 891 724 935 haud
766 891 937 934 iniuria
969 891 1026 934 H.
1061 890 1327 948 Stephanus
1378 889 1612 934 censuisse
1644 889 1845 943 videtur,
1897 893 1952 934 ut

206 964 329 1008 inter
356 963 498 1008 verba
521 958 682 1011 ἐντολὰς
703 957 954 1018 ἀπορρήτων,
979 961 1145 1021 quibus
1169 960 1440 1004 medendum
1465 975 1565 1005 esse
1581 959 1673 1003 iam
1696 959 1948 1003 Leisnerus

209 1038 255 1078 et
266 1034 504 1077 Bekkerus
525 1032 755 1085 viderunt,
777 1031 1059 1090 praepositio
1091 1028 1149 1085 δι’,
1172 1046 1289 1090 quae
1316 1031 1445 1074 nullo
1465 1031 1650 1087 negotio
1672 1030 1949 1074 intercidere

207 1104 374 1163 potuit,
405 1102 648 1147 inserenda
679 1106 811 1146 esset.
859 1101 979 1147 Nam
1022 1098 1188 1150 ἐντολάς
1228 1098 1273 1145 δι’
1317 1097 1558 1157 ἀπορρήτων
1613 1101 1836 1160 scriptum
1879 1104 1951 1145 est

210 1189 280 1232 ap.
314 1174 494 1217 Platon.
533 1174 687 1227 (velut
728 1173 858 1229 Reip.
905 1174 931 1215 2
972 1188 1014 1229 p.
1050 1173 1134 1215 378
1165 1172 1224 1226 B)
1267 1176 1316 1215 et
1357 1172 1542 1229 saepius
1574 1187 1645 1229 ap.
1688 1171 1851 1229 Polyb.
1895 1175 1950 1215 ut

210 1245 248 1297 2,
283 1245 350 1298 21,
382 1245 431 1299 ‘⁴25
463 1244 503 1297 4,
538 1244 604 1296 16,
637 1243 663 1285 5
696 1247 806 1296 etc.,
840 1258 953 1302 quos
986 1241 1238 1300 scriptores
1272 1241 1381 1301 quin
1414 1241 1699 1299 permultum
1731 1240 1951 1285 dilexerit

210 1314 507 1365 Herodianus,
570 1328 625 1355 ex
670 1312 740 1365 iis,
798 1328 914 1369 quae
963 1327 1104 1369 supra
1121 1314 1154 1367 ¹)
1205 1312 1522 1369 exposuimus,
1576 1311 1655 1355 vix
1706 1312 1948 1371 quisquam

215 1383 459 1429 dubitabit.

348 1465 426 1508 III
469 1466 513 1518 6,
556 1466 603 1508 6:
668 1468 755 1511 πῶς
798 1460 888 1519 οιῗχὶ
927 1465 997 1507 καὶ
1041 1468 1120 1507 νῦν.
1175 1465 1400 1508 Voculam
1444 1462 1539 1520 οιῗχί
1583 1466 1640 1508 ab
1693 1465 1950 1508 Herodiani

212 1535 468 1580 elocutione
500 1534 696 1579 alienam
729 1550 828 1578 esse
860 1534 1262 1579 observationibus
1296 1534 1395 1580 eius
1442 1535 1697 1580 edocemur.
1756 1534 1947 1579 Palaeo-

213 1604 451 1662 graphiam
494 1606 649 1647 autem
691 1603 991 1661 respicientes
1036 1603 1473 1662 deprehenderimus
1514 1601 1609 1661 ου’χὶ
1650 1608 1803 1649 ortum
1846 1619 1946 1648 esse

212 1675 268 1718 ab
312 1670 360 1718 οιῗ
391 1675 468 1728 καὶ,
510 1674 644 1733 quod,
698 1690 799 1718 cum
830 1674 1060 1732 posterius
1104 1674 1172 1717 καὶ
1213 1690 1314 1718 cum
1348 1675 1609 1719 Basileensi
1642 1674 1843 1720 secunda
1874 1689 1947 1718 ex-

211 1744 451 1801 pellamus,
485 1744 790 1788 restituimus.

349 1826 426 1870 III
456 1827 495 1881 6,
532 1826 587 1870 10
625 1825 684 1870 Μ.
726 1826 896 1870 iniuria
940 1826 1307 1871 coniunctionem
1348 1843 1390 1870 τε
1433 1826 1587 1871 textui
1619 1829 1711 1886 ‘pro
1754 1826 1948 1871 arbitrio

211 1895 460 1938 inseruisse
491 1899 634 1954 patet,
683 1911 772 1954 qua
804 1896 979 1940 inserta
1010 1897 1360 1954 participiorum
1392 1896 1651 1955 asyndeton
1686 1897 1947 1950 bimembre,

214 1965 334 2023 quod
365 1965 656 2010 Herodianus
689 1965 924 2010 adamasse
937 1967 978 2020 2)
1010 1966 1208 2021 videtur,
1243 1966 1568 2024 exstinguitur.

349 2045 426 2102 ΠΙ
459 2047 524 2099 12,
560 2046 604 2089 1:
639 2047 958 2102 διαχειρίσασθαι
988 2048 1179 2099 βασιλέας
1202 2069 1254 2083 =
1277 2047 1540 2092 interficere
1572 2063 1716 2105 reges.
1776 2049 1946 2103 Quam-

201 2128 350 2174 quam
382 2114 683 2168 Herodianus,
717 2115 763 2158 id
795 2117 914 2174 quod
944 2120 1068 2159 recte
1101 2117 1297 2161 adnotat
1326 2117 1401 2172 M.,
1435 2119 1574 2161 verbo
1616 2120 1859 2174 διαχρῆσθαι
1894 2139 1947 2154 =

213 2183 472 2226 interficere
513 2185 696 2241 saepius
745 2185 897 2228 utitur
937 2186 1068 2229 velut
1109 2186 1178 2230 IV
1219 2188 1257 2239 6,
1298 2188 1346 2242 4;
1401 2187 1495 2231 VII
1535 2188 1573 2240 7,
1618 2189 1657 2240 6,
1707 2203 1948 2245 peccemus

210 2252 445 2295 tamenin
485 2251 737 2296 Herodiani
775 2254 992 2308 oratione,
1047 2255 1085 2298 si
1127 2257 1446 2312 διαχειρίσασθαι
1489 2258 1678 2300 verbum
1719 2256 1947 2301 traditum

212 2321 470 2378 exstirpare
503 2315 690 2379 eiusque
720 2322 816 2365 loco
858 2338 958 2366 cum
990 2323 1169 2368 Joanne
1203 2326 1493 2370 Antiocheno
1535 2326 1732 2370 velimus
1775 2342 1946 2384 ponere

215 2392 471 2446 διαχρῆσθαι.
532 2390 692 2449 Neque
738 2393 857 2435 enim
899 2393 1203 2437 omittendum
1248 2399 1332 2449 est,
1383 2396 1501 2455 quod
1553 2396 1704 2454 ipsum
1755 2396 1947 2440 verbum

208 2459 329 2503 illud
369 2460 681 2516 διαχειρίζεσθαι
712 2476 813 2504 cum
856 2462 1188 2519 significatione
1220 2465 1659 2510 interficiendi
1699 2480 1836 2524 saepe
1879 2467 1946 2510 in-

209 2529 369 2573 venias
415 2544 487 2587 ap.
528 2528 622 2573 Pol.
673 2530 806 2573 velut
835 2531 873 2584 8,
908 2532 973 2586 23,
1021 2533 1068 2588 8;
1121 2534 1232 2577 item
1274 2549 1344 2594 ap.
1377 2535 1502 2579 Plut.
1546 2536 1659 2580 Mor.
1700 2551 1742 2595 p.
1776 2536 1864 2580 220
1894 2535 1947 2590 B,

210 2614 405 2657 quorum
438 2599 695 2656 exemplum
727 2615 834 2642 num
867 2605 1053 2645 secutus
1087 2604 1150 2646 sit
1171 2604 1475 2660 Herodianus,
1507 2621 1598 2649 non
1630 2610 1714 2660 est,
1748 2605 1868 2665 quod
1899 2606 1947 2649 in

210 2667 398 2712 dubium
436 2683 646 2713 vocemus
665 2668 715 2722 3).

346 2913 375 2958 1)
402 2913 454 2947 Cf.
479 2912 516 2945 h.
543 2912 688 2946 dissert.
712 2923 770 2956 pp.
800 2913 842 2946 10
867 2924 916 2955 s.;
943 2914 973 2947 9.

343 2971 375 3013 2)
401 2971 502 3003 velut
528 2971 578 3003 IV
604 2971 634 3009 5,
662 2970 693 3002 6.
723 2971 775 3009 11,
802 2971 840 3010 '73
867 2972 965 3003 mult.
991 2973 1052 3013 al.;
1079 2983 1174 3015 resp.
1202 2975 1310 3007 etiam
1336 2975 1387 3008 IV
1416 2976 1465 3016 11,
1492 2977 1524 3009 2.

347 3028 375 3071 3)
403 3028 451 3061 cf.
479 3027 556 3061 har.
584 3027 763 3061 observat.
791 3038 823 3071 p.
852 3029 872 3060 9
898 3038 924 3062 S.
