2117 3478
908 269 1195 312 -14-

831 492 1067 584 Caput
1127 492 1272 566 III.

318 657 612 701 Herodianus
645 658 692 700 in
720 658 1018 701 historiarum
1060 657 1191 700 libris
1234 654 1576 700 conscribendis
1609 670 1637 697 a
1669 654 1923 698 maioribus

176 727 433 770 locutiones
465 742 690 785 vocesque
732 730 889 784 petere
930 730 984 769 ut
1025 726 1141 769 satis
1173 724 1410 778 habuerit,
1455 728 1641 767 tantum
1674 725 1818 777 abest,
1867 728 1924 769 ut

176 800 340 838 contra
372 800 419 839 et
450 796 550 854 ipse
583 812 672 839 non
705 796 852 840 solum
884 796 1108 839 vocabula
1138 795 1328 853 aliquot,
1377 808 1493 852 quae
1526 797 1637 836 ante
1670 808 1772 837 eum
1807 794 1918 837 iam-

179 865 353 908 dudum
384 866 433 908 in
464 881 552 909 usu
579 866 780 918 fuerant,
815 882 915 909 cum
947 866 1060 908 alia
1091 880 1144 909 ac
1176 866 1351 922 priores
1384 863 1805 908 constructione
1837 867 1922 908 aut

174 934 602 991 significatione
636 936 879 979 coniuncta
900 935 1210 993 usurpaverit,
1236 934 1315 978 sed.
1337 934 1476 977 etiam
1496 934 1725 978 nonnulla
1756 935 1912 978 solus

175 1005 252 1047 vel
292 1005 523 1062 primus
555 1005 839 1058 formaverit,
882 1006 929 1048 id
961 1005 1081 1063 quod
1113 1004 1267 1057 exiis,
1311 1019 1426 1062 quae
1467 1005 1726 1058 afferemus,
1768 1004 1912 1048 mani-

176 1072 351 1117 festum
394 1074 495 1117 erit.

993 1158 1088 1201 A.

313 1236 624 1293 Proponemus
647 1253 766 1280 nunc
789 1238 1026 1292 vocabula,
1059 1252 1175 1296 quae
1200 1253 1300 1280 cum
1324 1237 1438 1280 alia
1460 1240 1601 1295 atque
1635 1237 1683 1279 in
1707 1236 1916 1294 priorum

170 1304 303 1347 libris
351 1306 765 1349 constructione
812 1311 894 1349 aut
944 1306 1193 1363 signific
1209 1306 1412 1349 atione
1464 1320 1535 1363 ap.
1586 1305 1913 1349 Herodianum

176 1374 413 1430 leguntur.

854 1472 892 1498 a.
905 1478 907 1480 ·
927 1460 1226 1499 substantiva.

300 1534 464 1590 ’Ὁρεξις
495 1538 536 1584 ’ἐς
566 1554 600 1580 τι
629 1538 653 1580 Ι
684 1540 722 1589 6,
755 1541 794 1584 2.
844 1538 1016 1581 Contra
1063 1538 1129 1580 ἐπί
1167 1556 1201 1581 τι
1243 1553 1313 1595 ap.
1358 1539 1481 1582 Plut..
1516 1539 1631 1582 Mor.
1674 1555 1717 1597 p.
1765 1539 1822 1582 48
1855 1539 1912 1591 C,

171 1600 272 1661 πρός
302 1623 337 1649 τι
366 1607 412 1649 in
445 1605 594 1650 Schol.
626 1607 681 1650 Il.
717 1608 782 1660 14,
817 1608 912 1651 216.

313 1670 535 1732 Φάρμακον
567 1677 609 1724 ἔς
638 1693 671 1720 τι
703 1698 754 1713 =
787 1677 1100 1721 adiumentum
1133 1678 1191 1721 ad
1223 1678 1401 1737 aliquid
1433 1678 1503 1722 VI
1534 1680 1572 1731 6,
1608 1680 1648 1722 4.

308 1741 514 1789 Ἐκτένεισῖ
543 1764 642 1796 τινος
684 1769 735 1783 =
768 1749 896 1805 copia
929 1753 976 1792 et
1008 1748 1297 1792 abundantia
1329 1749 1398 1793 rei
1430 1749 1526 1793 VII
1558 1750 1596 1803 2,
1628 1751 1670 1795 4.

296 1810 496 1869 Ἔκγονος
527 1814 630 1859 zato?
664 1817 900 1873 θηλυγονίαν
930 1818 955 1861 Ι
978 1819 1015 1871 7,
1038 1818 1066 1861 4
1098 1817 1173 1873 (de
1206 1818 1458 1862 mulieris
1491 1819 1667 1876 origine
1699 1820 1906 1877 dictum).

310 1881 497 1941 Εὗφημία
518 1889 549 1941 1)
584 1908 635 1922 =
685 1888 841 1931 fausta
881 1888 1153 1932 acclamatio
1202 1889 1225 1931 I
1256 1891 1295 1942 7,
1328 1890 1374 1945 6;
1423 1889 1474 1933 II
1505 1891 1543 1943 2,
1586 1891 1633 1942 9;
1685 1890 1763 1934 III
1794 1891 1832 1943 8,
1867 1892 1908 1935 3.

315 2020 524 2071 {mamm
555 2026 609 2067 de
640 2041 891 2081 pennarum
926 2027 1190 2071 sufflatione
1223 2033 1500 2086 usurpatum
1531 2029 1556 2072 I
1590 2030 1655 2082 15,
1688 2031 1727 2073 5.

307 2092 448 2147 Πὲλμα
482 2114 534 2128 =
583 2094 759 2150 ungula
798 2095 905 2138 fissa
966 2095 1038 2150 (de
1088 2097 1276 2140 camelis
1317 2097 1593 2151 adhibitum)
1637 2095 1707 2142 IV
1750 2099 1812 2151 15,
1862 2099 1901 2142 3.

159 2159 342 2204 ‘Contra
374 2162 430 2204 cf.
464 2162 601 2220 Hipp.
636 2179 676 2220 p.
711 2165 795 2207 858
826 2164 867 2207 Gr
899 2170 946 2207 et
978 2165 1078 2208 Ael.
1113 2165 1167 2208 N.
1201 2167 1259 2211 A.
1294 2167 1359 2220 14,
1393 2168 1420 2211 3
1454 2189 1505 2204 π
1537 2168 1715 2226 planta,
1752 2168 1904 2212 solum

172 2230 329 2283 calcei,
364 2233 553 2275 calceus.

256 2296 259 2299 ’
303 2292 450 2355 Ῥεῦμα
484 2321 536 2337 =
570 2315 693 2345 mare
724 2301 792 2344 IV
819 2303 856 2353 3,
890 2305 929 2346 6.

305 2369 360 2412 Τό
394 2364 609 2425 σεβάσμιον
654 2386 735 2428 pro
769 2372 931 2426 σέβασις
980 2374 1056 2429 (cf.
1089 2375 1211 2420 Plut.
1257 2379 1360 2423 adv.
1403 2377 1498 2422 Col.
1545 2379 1617 2431 17)
1667 2378 1716 2421 II
1759 2379 1825 2431 10,
1860 2380 1901 2423 2.

165 2438 340 2483 Contra
373 2439 430 2483 cf.
463 2438 514 2482 II
545 2439 585 2491 8,
620 2442 645 2483 6
678 2444 724 2483 et
756 2455 878 2499 saep.

315 2574 329 2590 ,
870 2552 909 2590 b.
954 2553 1193 2594 adiectiva.

257 2682 260 2684 -
298 2623 498 2682 Ὀκνηρὸς
528 2623 629 2682 πρός
658 2645 693 2670 τι
734 2628 783 2671 Il
829 2631 868 2683 8,
916 2633 965 2688 3;
1013 2632 1081 2677 VI
1113 2634 1151 2686 9,
1182 2636 1222 2677 4.
1285 2634 1460 2679 Contra
1492 2636 1547 2679 cf.
1580 2635 1723 2681 Thuc.
1754 2639 1795 2690 4,
1845 2637 1901 2680 55

158 2691 353 2752 (ὀκνηρὸς
383 2696 425 2743 ἔς
457 2699 521 2750 τι).
1639 2744 1641 2746 ,

299 2768 391 2813 Τοῖς
425 2763 500 2809 ὠσὶ
532 2771 690 2823 κοῦφος
719 2769 761 2817 ἔς
790 2786 825 2812 τι
855 2770 949 2814 VII
982 2774 1019 2825 3,
1054 2774 1091 2816 3.
1145 2773 1318 2817 Contra
1349 2775 1406 2818 cf.
1439 2775 1535 2819 Pol.
1568 2777 1638 2830 23,
1671 2778 1709 2830 3,
1742 2778 1768 2820 9
1800 2775 1900 2832 (τὰς

156 2832 287 2884 ἀκοὰς
327 2831 530 2879 οἷνατεῖναί
568 2839 676 2894 mm
728 2837 851 2884 Plut.
894 2841 1027 2885 Alex.
1074 2842 1130 2886 49
1187 2840 1518 2899 (οἷναπεταννόναι
1559 2845 1630 2891 τινὶ
1673 2843 1722 2890 τοὶ
1765 2840 1896 2903 uitem

158 2907 215 2949 cf,
252 2906 393 2949 etiam
427 2907 575 2949 Arist.
611 2909 671 2950 Οδ
706 2910 741 2951 1.
777 2910 888 2952 3082
918 2912 987 2954 219.

290 3047 316 3086 1)
341 3048 501 3080 Plurium
528 3050 778 3084 vocabulorum
805 3052 895 3083 satis
921 3054 1083 3085 notorum
1111 3054 1281 3095 singulas,
1322 3065 1410 3097 quae
1435 3066 1457 3089 a
1482 3059 1680 3100 propositis
1714 3059 1781 3092 hoc
1815 3059 1894 3092 loco

142 3105 373 3150 discrepant,
399 3106 527 3139 afferre
553 3108 838 3149 significationes
864 3109 1057 3142 brevitatis
1083 3120 1190 3143 causa
1214 3113 1445 3155 supersedere
1470 3125 1525 3148 me
1550 3116 1688 3158 putavi.
