2117 3478
905 276 1191 321 -23—

184 390 335 435 larum
367 405 498 436 nemo
529 405 618 435 non
651 392 896 449 1gnoret1),
930 391 1085 435 malim
1129 390 1361 444 scribatur
1401 388 1578 440 ἄνοπλος
1617 390 1741 449 apud
1772 389 1914 434 Hero-

183 459 393 513 dianum,
424 460 464 503 si
494 461 615 503 hunc
647 461 797 503 locum
829 461 1073 518 exceperis,
1108 474 1286 517 semper
1336 461 1561 503 traditum
1595 461 1672 515 (cf.
1704 460 1731 502 Ι
1763 461 1829 511 12,
1864 461 1890 501 7
1901 474 1911 512 ;

181 526 234 571 II
264 528 304 582 5,
337 529 387 583 3;
421 527 477 573 cf.
512 528 652 572 etiam
682 528 734 574 II
767 529 832 583 13,
869 530 952 584 11).

331 606 401 652 IV
433 609 499 662 10,
531 609 580 651 4:
624 603 674 651 τά
704 624 747 651 τε
787 604 882 663 παρ’
914 608 1079 656 ἐκείνοις
1111 604 1294 663 φυόμενα
1337 603 1531 664 ἀρώματα
1563 604 1589 664 ἢ
1622 603 1913 664 θαυμαζόμενα

185 673 404 732 ὁφάσματα
435 674 461 732 ἢ
495 675 634 721 <τᾶ>
678 676 790 732 παρὰ
806 677 1018 732 Ῥωμαίοις
1048 672 1372 732 μεταλλευόμενα
1403 673 1433 731 ἧ
1462 676 1526 719 διὰ
1558 678 1697 731 τέχνην
1729 675 1914 719 ἐπαινού-

182 763 280 803 μενα
311 781 322 792 .
356 782 365 791 .
399 781 409 792 .
444 782 452 791 .
486 745 684 792 Secutus
722 747 998 792 Politia-num
1028 746 1263 805 particula
1294 741 1324 802 ἢ
1354 746 1399 791 in
1434 746 1502 790 καὶ
1523 751 1705 792 mutata
1737 752 1911 792 rectam

182 817 305 859 viam
335 817 476 860 inisse
507 818 694 861 videtur
726 817 1135 860 Mendelssohnius.
1192 816 1310 859 Nam
1343 818 1507 859 vocula
1538 818 1604 859 καὶ
1634 821 1701 872 (et
1730 818 1780 860 τα
1812 834 1913 861 cum

181 884 365 944 Steph.)
390 886 579 930 inducta
602 887 905 930 membrorum
928 886 1216 930 concinnitas
1239 886 1637 945 aequabilitasque
1660 886 1915 931 elocutioni

182 955 508 1017 Herodi-aneae
530 973 618 1000 non
651 958 804 1000 aliena
836 957 1117 1000 restituitur.

325 1035 396 1080 IV
436 1038 502 1089 11,
546 1038 568 1080 1
620 1037 773 1081 verbis
814 1034 863 1079 ’τα
906 1037 973 1092 μὲν
1025 1031 1098 1079 οὖν
1138 1041 1282 1091 πρῶτα
1334 1036 1498 1079 τοιαῦτα
1546 1052 1629 1079 τινα
1671 1037 1913 1081 ἐπιστέλλων

182 1111 399 1161 παρῃτεῖτο
431 1106 678 1162 repetitum
712 1110 794 1158 est,
829 1107 951 1164 quod
980 1107 1071 1148 iam
1104 1107 1242 1164 paulo
1275 1110 1384 1149 ante
1416 1106 1503 1161 (IV
1540 1107 1601 1156 10,
1639 1107 1687 1159 5)
1739 1106 1913 1148 dictum

183 1178 307 1218 erat:
355 1168 545 1224 τοιούτοις
586 1172 711 1219 adzo&
755 1171 977 1232 γράμμασιν
1023 1172 1200 1231 ἐντυχών
1242 1175 1264 1219 ὁ
1297 1179 1533 1231 Παρθυαῖος
1573 1173 1621 1218 τοὶ
1664 1176 1732 1230 μὲν
1773 1182 1915 1232 πρῶτα

182 1240 367 1299 ἀντέλεγε
398 1248 480 1288 κτλ.
517 1245 671 1299 Quare
701 1246 786 1288 illa
817 1246 960 1288 verba
991 1260 1091 1289 cum
1136 1245 1289 1289 codice
1331 1245 1594 1288 Monacensi
1626 1249 1679 1288 ut
1710 1245 1914 1289 insiticia

182 1312 388 1357 eicienda
419 1318 540 1368 sunt,
574 1315 664 1359 etsi
695 1314 1032 1359 concedendum
1065 1320 1148 1370 est,
1182 1319 1236 1359 ut
1267 1315 1407 1359 dictio
1439 1315 1800 1374 interpolatoris,
1834 1316 1913 1375 qui

181 1383 406 1427 eiusmodi
438 1386 577 1428 verba
609 1386 656 1428 in
685 1390 821 1428 textu
856 1385 1122 1428 desiderans
1154 1385 1401 1442 supplevit.
1438 1384 1689 1427 Herodiani
1730 1385 1913 1428 dicendi

181 1468 328 1509 genus
361 1453 580 1497 redoleat.
608 1468 613 1479 ·

324 1533 406 1582 JV,
443 1534 508 1588 13,
542 1535 564 1578 1
598 1549 678 1592 pro
725 1531 969 1591 Μαρτιάλιος
1008 1531 1140 1590 ὄνομα
1187 1532 1296 1593 αὐτῷ
1337 1535 1516 1579 ratione
1548 1535 1707 1578 habita
1738 1538 1784 1579 et
1816 1534 1912 1578 cod.

181 1602 363 1646 Schotti
395 1607 442 1646 et
472 1604 561 1647 loci
593 1604 757 1648 similis
790 1601 884 1648 VH
917 1608 937 1647 l
974 1606 1028 1648 10
1059 1604 1276 1659 (Μακεδών
1309 1599 1358 1659 ἦν
1391 1603 1518 1659 ὄνομα
1552 1602 1679 1665 adast)
1721 1606 1912 1661 scripse·

180 1672 286 1715 rim:
333 1672 576 1728 Μαρτιάλιος
605 1668 653 1727 ἦν
686 1670 814 1730 ὄνομα
846 1670 967 1732 αότιιῑ,
1000 1690 1102 1718 cum
1121 1675 1392 1732 praesertim
1425 1674 1601 1717 codices
1632 1673 1911 1731 particulam

179 1742 224 1784 δὲ
256 1742 362 1785 aliis
395 1742 617 1786 eiusmodi
647 1743 760 1786 locis
792 1744 1017 1787 usitatam
1049 1744 1132 1787 hoc
1163 1744 1260 1786 loco
1293 1760 1384 1786 non
1414 1744 1676 1800 praebeant.

319 1823 386 1869 IV
409 1824 476 1878 13,
507 1824 533 1868 3
566 1825 705 1868 verba
736 1828 950 1880 προελθεῖν
981 1829 1050 1879 τῆς
1073 1825 1276 1879 βασιλείας
1300 1828 1518 1883 corrupta
1549 1841 1650 1869 cum
1674 1823 1908 1882 Stephano

179 1894 334 1934 malim
371 1897 620 1937 ,mutentur
651 1895 696 1935 in
728 1897 937 1949 προελθεῖν
969 1898 1075 1935 τῶν
1115 1894 1364 1945 βασιλείων
1398 1898 1584 1936 secutus
1632 1894 1908 1951 scripturam

178 1961 255 2006 III
289 1962 353 2015 12,
386 1964 438 2006 5:
473 1955 711 2017 προελθόντι
741 1967 819 2005 τῶν
852 1965 1078 2017 βασιλείων.

317 2041 359 2085 V
384 2043 419 2096 1,
443 2044 491 2085 2;
527 2039 631 2084 ὅπου
664 2058 706 2098 γε
738 2043 807 2085 καὶ
839 2039 959 2091 αὗτὸς
990 2038 1014 2085 ὅ
1043 2040 1229 2097 βασιλεὸς
1262 2048 1341 2091 τοῖς
1372 2039 1595 2098 ἐπαρχουσι
1626 2047 1705 2085 τοῖν
1739 2058 1909 2099 στρατο-

178 2114 309 2156 πέδων
340 2114 602 2155 πεπίστευται.
636 2113 886 2156 Contextui
917 2129 1069 2156 rerum
1101 2114 1211 2156 haec
1246 2114 1394 2165 verba,
1429 2114 1592 2170 quibus
1626 2113 1904 2169 praemissa:

178 2178 227 2226 ου’
255 2179 360 2225 πολύ
391 2198 425 2224 τι
455 2181 639 2231 ἐξ’,υσ’.ἀς
683 2182 751 2225 καὶ
792 2179 1002 2239 δυνάμεως
1048 2184 1256 2238 βασιλικῆς
1308 2178 1562 2238 οἷποόεοόσης
1607 2182 1910 2226 illustrentur

178 2257 317 2310 atque
359 2252 697 2303 confirmentur,
748 2252 1104 2309 haudquaquam
1133 2267 1495 2310 *supervacanea
1539 2252 1645 2293 mihi
1692 2251 1911 2293 videntur

178 2325 360 2375 <contra
392 2320 449 2364 cf.
481 2319 541 2363 M.
575 2320 676 2363 adn.
711 2320 768 2363 ad
799 2321 918 2363 hunc
950 2321 1131 2376 locum).
1166 2319 1269 2364 Huc
1301 2321 1492 2374 acce-dit,
1525 2320 1645 2379 quod
1677 2321 1911 2379 scriptura

178 2393 319 2436 etiam
355 2391 613 2434 elocutione
647 2392 969 2447 comprobatur
1000 2391 1304 2433 Herodianea.

317 2471 359 2516 V
396 2474 431 2526 1,
464 2473 510 2515 3:
565 2470 797 2519 κολακείαις
836 2464 879 2513 δὲ
912 2470 1078 2527 χαίρων.
1131 2470 1187 2514 In
1219 2471 1338 2515 libro
1381 2472 1633 2529 archetypo
1679 2471 1913 2520 κολακείαις

178 2538 215 2584 δ’
243 2542 481 2596 >ε’χαιρε(ν)
504 2541 724 2598 scriptum
748 2541 793 2583 in
817 2556 853 2583 κ.
878 2541 923 2583 δὲ
945 2540 1097 2595 χαίρων
1117 2541 1267 2583 abisse
1289 2541 1488 2594 videtur,
1512 2541 1558 2584 id
1581 2541 1702 2598 quod
1724 2540 1912 2584 dubium

177 2626 266 2655 non
299 2626 397 2655 esse
430 2610 655 2664 existimo,
689 2626 789 2654 cum
823 2627 857 2654 κ.
892 2610 936 2652 δὲ
968 2609 1121 2665 χαίρων
1153 2610 1228 2653 vel
1258 2610 1413 2667 potius
1456 2626 1495 2655 κ.
1529 2611 1574 2653 δὲ
1605 2610 1802 2666 ἔχαιρε(ν)
1835 2626 1911 2668 op-

176 2681 378 2738 positum
411 2681 475 2724 sit
515 2680 828 2724 antecedenti:
876 2676 981 2735 καῗμὲ
1012 2679 1082 2734 μὲν
1114 2683 1252 2726 κακῶς
1282 2675 1455 2734 ἠγόρευε
1496 2679 1606 2722 item
1637 2679 1911 2736 imperfecto

176 2755 380 2809 tempore
412 2750 575 2809 posito.
638 2748 741 2804 Qua
773 2749 1035 2793 coniectura
1075 2752 1260 2807 recepta
1293 2754 1340 2792 et
1357 2749 1496 2792 tarda
1528 2752 1667 2807 atque
1715 2748 1911 2793 molesta

177 2820 460 2864 constructio
501 2821 702 2863 demitur
747 2835 893 2878 neque
926 2834 1065 2862 causa
1112 2823 1203 2870 est,
1247 2834 1327 2860 cur
1360 2833 1460 2860 cum
1499 2818 1558 2861 M.
1607 2819 1745 2875 paulo
1786 2825 1912 2861 ante

176 2886 423 2945 ὃιαβάλλ(υν“
449 2889 517 2933 καὶ
568 2886 828 2933 διασκώπτων
879 2905 961 2947 per
1006 2888 1098 2933 vim
1154 2891 1383 2932 mutemus
1437 2887 1484 2931 in
1524 2878 1789 2945 ’διέβαλλε(ν)
1842 2874 1914 2931 καὶ

176 2961 468 3016 &somme-o).
495 3016 498 3018 ‚

313 3115 343 3162 ¹)
369 3115 421 3152 Gt.
449 3112 625 3151 Poblocki
646 3125 679 3161 p.
707 3114 751 3149 32
777 3123 823 3148 ss·
